3025 4892
257 357 322 424 dtu
466 376 499 434 Q·
521 371 652 422 curru
676 370 767 420 aurr
790 369 863 419 ure.
887 369 969 418 vrrr.
994 370 1076 421 cru.
1096 355 1149 420 12.

259 516 378 602 procul
392 514 602 580 castellorum
624 515 770 581 fecerant
792 515 948 598 speciem.
991 517 1024 580 8.
1045 514 1100 579 Ac
1121 513 1231 597 primu
1245 512 1355 580 Alex·

260 618 363 684 ander
377 637 442 682 uon
457 613 611 691 socium,¹²
626 615 687 680 sed
701 615 829 682 hostem
846 616 1028 682 adventare
1042 615 1214 680 credebat.
1256 615 1355 680 Jam·
1379 665 1387 671 .

258 740 325 804 que
348 727 385 784 et
402 720 475 802 ipse
497 723 611 784 ‘arma
636 719 761 783 milites
783 737 907 802 capere
927 726 963 781 et
981 717 1114 799 equites
1127 715 1299 780 discedere
1313 717 1350 780 iu

259 819 423 887 cnmua’·
436 820 593 903 jusserat,
608 825 744 900 paratos
767 819 813 884 ad
836 836 997 902 pugnam:
1019 825 1056 882 at
1080 818 1199 895 ludus,
1214 817 1354 899 cognita

260 921 484 988 Macedonum
495 938 618 997 errore,
628 920 736 1003 jussis
748 920 936 985 subsistere
959 919 1091 997 ceteris,
1109 920 1187 1002 ipse
1201 918 1354 983 concitat

259 1041 396 1106 equum,
428 1041 497 1104 qua
522 1021 729 1086 vehebatur:
760 1021 848 1086 idern
875 1018 1074 1084 Alexander
1096 1038 1234 1103 qnoque
1261 1019 1355 1095 fecit,

260 1125 335 1190 sive
357 1123 477 1198 hostis,
499 1123 571 1186 sive
594 1121 725 1186 amicus
751 1128 955 1197 occurreret,
975 1119 1032 1184 vel
1053 1138 1118 1185 sua
1140 1121 1278 1196 virtute,
1299 1118 1355 1182 vel

259 1225 351 1290 illius
379 1224 444 1290 lide
474 1230 580 1288 tutus.
623 1222 655 1286 9.
680 1221 833 1298 Geirere,
861 1222 953 1304 quod
982 1240 1029 1286 ex
1056 1222 1231 1304 utriusque
1258 1219 1356 1284 vultu

261 1333 377 1409 posset
405 1324 559 1407 intelligi,
583 1323 701 1387 amicis
728 1321 868 1388 animis:
899 1329 1047 1386 ceterum
1073 1322 1145 1386 siue
1175 1322 1356 1404 interprete

259 1447 325 1492 non
341 1433 472 1511 poterat
496 1425 629 1490 conseri
653 1443 780 1490 serum:
803 1424 921 1505 itaque
943 1421 1096 1492 adhibito
1121 1442 1175 1500 eo,
1191 1423 1356 1487 barbarus

262 1529 471 1594 ‘occurrisse
492 1525 551 1590 se'
576 1525 663 1593 dixit
689 1531 785 1592 ‘cum
807 1525 970 1602 exercitu,
994 1530 1085 1590 tutes
1108 1525 1244 1607 imperii
1263 1524 1354 1589 uires

259 1628 413 1713 protinus
440 1627 660 1707 traditurum·;
690 1645 754 1692 nec
781 1631 994 1708 expectasse,
1020 1627 1100 1691 dum
1122 1645 1183 1709 per
1216 1626 1355 1690 nuntios

259 1731 392 1796 daretur
406 1729 502 1794 fides.
545 1729 599 1794 10.
622 1729 757 1812 Corpus
772 1745 872 1793 saum
886 1735 921 1792 et
932 1746 1070 1810 regnum
1085 1730 1273 1812 permittere
1291 1728 1355 1804 illi,

259 1851 361 1916 quem
376 1832 479 1896 sciret
501 1832 617 1913 glories
641 1831 854 1908 militantem,
869 1829 952 1894 nihil
977 1830 1087 1914 magis
1107 1849 1210 1912 qnam
1232 1829 1357 1895 famum

259 1933 375 1998 timere
392 1931 561 2016 perfidiae!
604 1931 719 1998 Laetus
736 1926 975 2016 simplicitate¹
996 1929 1131 1995 barbari
1139 1946 1210 2006 rex,
1226 1936 1260 1993 et
1273 1929 1356 1994 dex-

260 2041 346 2099 tram
370 2033 448 2098 fidei
479 2053 550 2098 sues
580 2035 701 2118 pignus
736 2031 841 2111 dedit,
864 2038 899 2097 et
927 2051 1064 2114 regnum
1093 2031 1249 2094 restitnit.
1303 2031 1356 2103 11,

219 2140 223 2150 '
262 2152 339 2200 uvi.
359 2132 553 2217 elephantij
577 2143 682 2214 erant,
704 2154 791 2219 quas
813 2133 955 2200 tradidit
966 2132 1161 2198 Alexandro
1184 2133 1357 2215 multaque

213 2285 216 2292 .
258 2255 383 2321 pecora
397 2237 527 2302 eximiae
543 2237 803 2319 magnitudinis:
825 2244 941 2302 tauros
964 2235 1008 2300 ad
1026 2251 1085 2298 ιιι.
1100 2235 1217 2312 millia,
1233 2233 1357 2316 pretio·

259 2356 332 2402 sum
348 2338 380 2401 in
396 2355 437 2400 ea
462 2337 594 2418 regione
616 2343 860 2420 acceptumque
876 2337 996 2402 animis
1010 2337 1212 2419 regnantium
1227 2353 1356 2399 ermen·

258 2444 340 2504 tum.
386 2436 438 2501 12.
462 2435 633 2516 Quaerenti
655 2435 852 2503 Alexandro
867 2443 877 2476 ‘
890 2436 1001 2520 plures
1023 2436 1237 2520 agricultores
1251 2434 1355 2500 habe-

292 2610 812 2679 ·ummqmunmpraamm
973 2577 996 2616 ’ὦ

718 2757 900 2780 OMOMOOO

222 2913 229 2926 ἢ
260 2852 380 2914 Boupct
397 2854 728 2922 Pal.l.umittnntruprre.
764 2857 825 2908 Pal.
837 2863 860 2906 t.
879 2857 978 2908 omittit
989 2863 1013 2906 et
1023 2859 1121 2922 equites.
1155 2856 1384 2908 Floreut.led..

259 2917 335 2966 vass.
347 2921 370 2965 l.
380 2919 405 2966 2.
427 2917 484 2968 Pal.
499 2923 521 2968 l.
541 2921 608 2970 Dsn.
624 2921 679 2971 col.
695 2930 723 2972 et
742 2917 803 2971 Bas.
822 2924 960 2972 &mrim
978 2923 1004 2971 ι’·
1022 2937 1116 2971 mersa.
1151 2922 1267 2971 Floreut.
1283 2920 1358 2970 held.

260 2979 338 3056 lfoss.
350 2985 373 3028 l.
385 2985 409 3029 2.
427 2981 494 3030 Dan.
503 2984 562 3034 Pul.
575 2989 598 3034 t.
611 2993 638 3034 ct
650 2987 733 3048 Βοῦς.
744 2991 863 3048 psmtsu
886 2987 955 3035 Mer.
966 2991 1073 3048 paratas.
1106 2986 1182 3035 Voss.
1192 2990 1218 3035 2.
1228 2986 1305 3046 jussis
1315 2985 1357 3033 ab·

260 3048 352 3092 stetere.
377 3044 434 3093 Psi.
448 3050 471 3095 l.
482 3047 579 3096 omittit
590 3049 680 3098 uirtute
690 3051 727 3098 ael
735 3050 860 3100 titisse-tt
877 3050 992 3099 Floreat.
1011 3049 1087 3099 Leid.
1098 3051 1174 3099 Voss.
1186 3053 1210 3098 1.
1222 3053 1247 3099 2.
1263 3048 1320 3097 Pal.
1333 3053 1358 3098 1.

261 3107 333 3155 Dsn.
345 3107 406 3156 Ald.
417 3109 501 3160 calin.
512 3110 613 3175 Gryplr.
626 3113 687 3162 Bas.
699 3114 768 3163 Mer.
780 3122 809 3162 et
819 3113 878 3164 Cal.
892 3114 983 3164 Caret.
1015 3115 1047 3163 ln
1057 3114 1210 3178 quibusdam
1222 3112 1298 3162 codd.
1310 3127 1359 3160 sos

257 3174 351 3234 poterut
369 3173 466 3222 umeri.
499 3173 761 3228 1²11.1.ertttuoa.
795 3177 871 3228 Voss.
887 3181 913 3228 2.
931 3177 1086 3228 ceterum.
1112 3177 1227 3228 Florent.
1245 3176 1321 3225 Voss.
1332 3179 1358 3226 1.

261 3236 331 3285 Dsn.
341 3243 369 3285 et
381 3235 463 3312 Bpug·
473 3240 495 3286 l.
506 3241 530 3287 2.
542 3243 604 3288 tutas
614 3240 739 3302 imperim
749 3255 806 3299 mr
824 3240 899 3291 Leid.
910 3249 938 3290 et
949 3243 1020 3291 Pith.
1031 3246 1095 3290 tatas
1104 3241 1199 3306 imperii
1209 3255 1248 3290 res
1255 3253 1266 3298 ,⁰
1280 3240 1358 3289 Voss.

258 3302 284 3348 2.
294 3314 320 3349 se
330 3302 497 3364 trtusrmpsrss'
507 3303 588 3360 riresr
605 3304 701 3355 Fsuch.
714 3306 882 3369 toturisrperii
892 3305 930 3354 s'tti
940 3321 987 3355 rer.
1022 3307 1137 3355 Floreat.
1152 3306 1225 3356 led.
1240 3305 1314 3352 Voss.
1332 3308 1358 3353 Ι.

259 3363 330 3414 Dan·
338 3373 367 3413 st
375 3365 459 3427 Baug.
471 3368 493 3414 1.
504 3369 529 3416 2.
540 3381 583 3415 sec
592 3372 717 3430 pedm.
741 3369 818 3419 Vnss.
827 3373 853 3418 2.
862 3371 934 3418 deser
944 3372 1042 3419 durem
1051 3384 1093 3432 prr
1102 3369 1271 3420 sautiare-itt
1282 3368 1361 3416 Voss.
1380 3411 1389 3422 .

259 3430 285 3475 2.
297 3429 396 3478 omittit
406 3443 456 3480 Μ
469 3429 602 3495 uustjldei.
627 3432 710 3496 Βοῦς.
722 3438 746 3483 t.
757 3439 783 3483 et
792 3448 814 3481 r.
824 3434 1006 3482 deditam—lt
1026 3435 1101 3482 Vuss.
1109 3438 1134 3482 2.
1144 3437 1176 3482 ad
1185 3433 1270 3488 ssitiu,
1281 3432 1361 3480 omis·

260 3503 289 3540 so
301 3490 420 3542 lin-rr
437 3493 507 3542 Pith.
520 3495 625 3544 militm
635 3501 782 3548 mna-ts
793 3498 868 3547 Voss.
878 3502 903 3548 2.
914 3496 1055 3548 Aliassum
1060 3515 1072 3556 ,·
1088 3496 1149 3547 nte.
1161 3497 1246 3548 Calin.
1255 3495 1361 3562 Gryph.

705 3697 708 3703 ,
760 3639 871 3691 NOTAE

288 3730 368 3780 hNur
377 3730 476 3793 seeum}
485 3731 637 3796 Suspicatus
650 3749 683 3785 ex
691 3735 787 3787 bellica
857 3735 956 3788 JLVI.
976 3736 1107 3800 elephanti]
1142 3734 1262 3799 Triginta
1284 3738 1361 3799 ponit

261 3817 388 3872 sppnrstu
408 3813 435 3855 et
455 3805 583 3856 instructs
601 3809 657 3859 scis
677 3810 787 3875 sliqussn
827 3812 953 3864 Arrianus
965 3812 1009 3862 lib.
1020 3825 1047 3860 u.
1065 3819 1208 3862 eumentes
1220 3825 1361 3876 utapro·

260 3882 365 3934 berbsri
380 3881 548 3932 mutstiuusm
565 3897 599 3931 ex
614 3899 665 3948 qua
684 3885 755 3938 illum
771 3899 788 3936 s
827 3888 919 3938 missus
937 3902 952 3936 s
967 3889 1060 3936 Tsxile
1071 3889 1199 3952 sociisque
1210 3887 1363 3951 scripsisset

258 3972 285 4006 se
298 3957 439 4007 dimiserat.
827 3962 873 4024 lit).
885 3975 923 4012 ιν.
944 3963 1023 4012 Forte
1033 3963 1079 4011 hos
1091 3962 1197 4026 triginta
1213 3963 1283 4012 sulus
1303 3963 1360 4025 ipse

311 4032 482 4096 Simplicitate]
500 4032 787 4096 lngeuuerineeritste
827 4038 939 4094 Taxilen,
967 4040 1051 4088 ceterl
1073 4038 1185 4102 reliquas
1208 4037 1362 4102 suppedita-

260 4109 388 4172 snimique
409 4108 536 4158 caudore:
561 4109 604 4158 hic
624 4109 693 4160 eninr
715 4112 789 4162 ‘siau
829 4126 899 4164 sere.

259 4183 360 4248 pliciter
370 4182 376 4202 ’
387 4183 412 4234 iu
425 4182 516 4234 bunum
530 4191 630 4250 partem
642 4185 761 4238 sumitur.
