3025 4892
290 383 356 449 766
575 398 604 446 s.
629 395 881 446 snutusnnuu
906 393 1035 445 sunau.
1059 393 1100 444 tra

290 549 391 620 caput.
432 538 478 598 lbi
498 538 633 598 solennia
656 538 721 597 Diis
744 537 888 598 sacrificia
907 535 997 603 iecitt
1020 535 1166 616 ludosque
1183 533 1287 609 edidit,
1302 549 1333 597 et
1358 539 1387 598 in

289 637 426 696 convivia
439 637 589 712 festosque
609 632 674 693 dies
690 633 801 692 laxavit
822 634 961 703 animum,
976 642 1010 691 ut
1022 650 1092 690 mox
1112 633 1142 692 in
1157 649 1300 692 novorum
1315 651 1388 712 ope·

290 749 354 790 rum
371 749 473 790 curam
495 739 584 808 atque
604 728 767 788 ministeria
780 727 902 786 validior
925 727 1137 786 intenderetur.
1180 731 1229 788 24.
1252 729 1312 789 Sed
1325 731 1389 790 ista

289 826 455 905 solventem
468 824 548 884 velat
560 824 670 901 injecta
684 842 771 882 manu
784 822 877 882 iatum
890 821 947 880 alio
962 821 1061 895 traxit,
1073 823 1222 904 uitamque
1232 826 1388 888 carissimo

289 923 449 981 amicomm
462 921 537 1000 ejus,
551 938 648 996 neque
662 918 755 978 multo
769 929 837 996 post
846 916 902 996 ipsi
914 935 1032 996 quoque
1043 919 1106 997 regi
1120 920 1266 981 errt'orsit.1
1307 921 1388 982 Pne-

288 1035 337 1077 ros
347 1018 377 1075 in
392 1016 488 1076 stadio
501 1026 649 1074 certantes
662 1015 838 1092 spectabat:
860 1031 927 1072 cum
940 1013 1092 1073 nuntiatur
1102 1013 1228 1075 delicere
1238 1015 1387 1096 Hephae..

288 1115 409 1183 tionem,
432 1115 484 1190 qui
509 1113 612 1170 morbo
635 1131 672 1170 ex
699 1110 822 1189 crapula
845 1119 1012 1182 contracto,
1040 1111 1196 1188 septittmm
1216 1111 1280 1192 jam
1306 1113 1387 1174 diem
1500 1125 1501 1128 ’

289 1207 496 1269 decumbebat.
537 1209 587 1267 25.
610 1206 773 1266 Exterritus
796 1204 882 1264 amici
901 1204 1031 1284 periculo
1055 1206 1154 1265 statim
1177 1209 1341 1286 consurgit,
1356 1217 1388 1269 et

289 1303 329 1362 ad
343 1303 502 1384 hospitium
519 1301 600 1362 illius
616 1302 750 1362 celeriter
772 1302 889 1380 pergit:
910 1319 1007 1380 neque
1021 1313 1119 1362 tamen
1137 1302 1218 1380 prius
1232 1290 1269 1364 ἑο
1282 1323 1388 1383 perve-

288 1401 344 1471 nit,
357 1419 446 1478 quam
466 1399 549 1458 illum
569 1416 650 1458 mors
670 1408 857 1476 occupasset.
901 1397 936 1456 ld
957 1397 1019 1476 regi
1039 1397 1170 1459 omnium
1190 1417 1258 1478 quaa
1278 1401 1309 1458 in
1324 1401 1387 1460 vita

287 1495 449 1575 pertulerat
469 1493 658 1554 adversorum
682 1492 934 1552 luctuosissimum
949 1492 1093 1552 accidisse
1115 1503 1227 1554 certum
1242 1493 1385 1555 liabetur:

287 1609 415 1670 eumque
428 1589 631 1668 magnitudine
644 1587 756 1648 doloris
771 1589 801 1648 in
816 1588 961 1668 lacrymas
973 1599 1003 1648 et
1016 1589 1147 1649 lamenta
1158 1590 1269 1650 rictum
1290 1591 1387 1650 multa
1476 1613 1485 1622 ·

288 1685 378 1745 animi
394 1685 433 1745 de
447 1683 542 1763 gradu
555 1683 663 1763 dejecti
676 1695 849 1764 argumenta
871 1683 1027 1744 edidisse!
1066 1687 1116 1744 26.
1140 1685 1200 1746 Sed
1214 1705 1250 1746 ea
1263 1685 1385 1764 qnidam

253 1827 257 1832 .
287 1779 367 1838 varie
389 1778 566 1847 traduntnr3
588 1778 661 1837 illud
683 1779 760 1839 inter
780 1797 883 1838 omnes
908 1789 1036 1852 constat,
1051 1790 1084 1839 ut
1101 1799 1190 1858 quam
1211 1781 1386 1842 decentissi-

160 1873 167 1884 “
286 1892 351 1933 mas
375 1875 516 1952 exequias
541 1875 568 1933 ei
588 1873 721 1945 duceret,
743 1892 803 1934 non
827 1873 957 1935 voluisse
985 1875 1144 1935 Ecbatanis
1169 1876 1306 1954 sepeliri:
1329 1878 1385 1938 sed

287 1969 480 2049 Babylonem,
495 1989 556 2049 quo
570 1970 634 2049 ipae
646 1989 844 2030 concensurus
865 1983 938 2043 erat,
952 1990 972 2029 a
992 1969 1136 2032 Perdicca
1157 1971 1262 2032 dalani
1281 1993 1385 2034 curas·

288 2083 343 2125 se:
372 2064 472 2144 ibique
495 2066 585 2125 lunus
617 2065 749 2125 inaudito
779 2065 905 2124 antebac
934 2066 1069 2144 exemplo
1097 2064 1254 2126 duodecim
1287 2068 1385 2129 talen·

289 2169 352 2218 tum
374 2160 505 2220 millibus
526 2161 696 2220 locavisset
736 2163 787 2218 27.
808 2160 864 2220 Per
886 2160 1053 2219 universum
1068 2171 1147 2220 certe
1165 2157 1317 2241 imperium
1338 2163 1384 2222 ln·

287 2255 350 2333 geri
364 2273 430 2315 eum
440 2255 548 2335 jussit:
568 2266 601 2315 et
615 2275 652 2316 ne
666 2255 807 2314 memoria
820 2255 883 2335 ejus
905 2256 935 2314 in
951 2255 1079 2316 exercitu
1094 2254 1286 2328 exolesceret,
1299 2260 1385 2337 equi·

287 2348 376 2422 tibus,
398 2351 466 2428 quis
488 2351 655 2429 prefuerat,
667 2349 783 2410 nullum
799 2350 932 2429 praefecit
951 2350 1069 2424 ducem,
1083 2351 1139 2410 aed
1161 2351 1385 2430 Qboesbonia

285 2443 365 2503 alam
378 2446 521 2524 appellari
534 2444 644 2513 volnit3
666 2457 696 2504 et
710 2465 778 2524 quse
792 2445 840 2506 ille
855 2448 942 2525 signa
955 2446 1141 2518 instituisset,
1152 2465 1188 2508 ea
1200 2465 1260 2506 uon
1275 2447 1385 2506 immu-

285 2541 353 2599 tari.
394 2544 444 2599 28.
467 2541 615 2600 Funebria
641 2542 805 2601 certamina
826 2541 985 2620 ludosque,
1008 2540 1112 2620 quales
1136 2561 1286 2620 nusquam
1308 2543 1384 2601 editi

285 2635 422 2706 luissent,
445 2635 616 2707 meditatus,
640 2635 698 2695 tria
721 2636 862 2696 artificum
885 2636 978 2695 millia
995 2635 1113 2714 coegit:
1133 2635 1184 2714 qni
1206 2653 1266 2696 non
1286 2638 1383 2698 multo

285 2741 354 2808 post
366 2731 396 2789 in
410 2731 503 2810 ipsius
523 2732 655 2809 exequiis
675 2744 805 2793 certasse
825 2734 968 2793 feruntur.
1012 2731 1077 2792 Nec
1095 2733 1182 2792 amici
1204 2741 1263 2792 tam
1284 2731 1383 2792 effuso

286 2825 395 2885 affectu
408 2827 447 2886 ad
469 2827 684 2887 conciliandam
698 2828 762 2908 ejus
784 2828 909 2906 gratiam
931 2827 1062 2906 segniter
1075 2826 1133 2899 usi,
1148 2828 1282 2900 certatim
1295 2846 1383 2906 repe-

285 2939 348 2980 rere
379 2941 432 3000 per
458 2942 525 3000 quie
551 2923 692 2982 memoria
718 2923 852 2983 defuncti
886 2921 991 2984 clarior
1022 2921 1249 3000 honoratiorque
1277 2923 1386 2982 lueret.r

285 3016 451 3094 anigitur
475 3017 635 3090 Eumenes,
657 3039 723 3079 cum
750 3039 784 3078 se
809 3019 847 3078 ob
868 3017 1046 3078 simultatem
1070 3035 1139 3076 cnm
1165 3017 1384 3096 Hephaestione

285 3112 365 3190 regis
378 3112 611 3192 indignationem
631 3115 788 3176 incurrisse
808 3114 961 3186 sensisset,
975 3113 1074 3174 multis
1089 3121 1192 3172 auctor
1205 3113 1272 3183 fuit,
1286 3131 1383 3190 seque

284 3218 316 3266 et
328 3225 410 3267 arma
423 3227 478 3268 sua
491 3209 702 3288 Hephaestioni
719 3209 934 3271 consecrandi:
956 3208 1156 3288 pecuniasque
1171 3207 1211 3268 ad
1230 3207 1382 3268 cohones-

282 3302 407 3362 tandum
432 3304 520 3364 lnnus
546 3304 629 3383 large
650 3306 786 3366 contulit.
829 3305 966 3367 ³0.110e
991 3301 1158 3381 exemplum
1179 3302 1284 3362 imitati
1309 3313 1384 3362 sunt

282 3399 390 3459 ceteri:
411 3419 506 3477 eaque
527 3419 598 3460 mox
621 3401 768 3479 processit
787 3401 1023 3461 assentationum
1047 3396 1248 3477 impudentiat
1270 3407 1304 3456 ut
1317 3399 1383 3478 regi

284 3511 406 3553 moerore
420 3505 452 3555 et
471 3494 617 3556 desiderio
630 3495 763 3556 defuncti
776 3494 935 3556 insanienti
954 3511 1128 3574 persuasum
1147 3490 1266 3552 tandem
1280 3491 1381 3564 luerit,

275 3583 381 3645 »Deum
394 3607 461 3647 esse
484 3587 749 3667 Hephaestionem·
790 3592 857 3662 Quo
881 3588 1001 3669 quidem
1021 3599 1155 3668 tenpore
1169 3606 1205 3646 es
1225 3588 1381 3667 copiarum

315 3763 327 3788 ⁰
343 3756 450 3806 Diodor.
466 3771 540 3808 uun.
559 3764 615 3809 11⁰.
640 3759 744 3810 Arriam
760 3774 809 3810 vn.
881 3768 894 3802 a
910 3759 991 3810 Diod.
1003 3773 1076 3810 xvrr.
1088 3761 1145 3809 11⁰.

283 3835 347 3882 Μ.
882 3833 1004 3885 'iumin-
1025 3847 1077 3883 xrs.
1098 3836 1138 3882 11.
1160 3835 1199 3881 12.
1227 3832 1301 3883 Plut.
1317 3846 1381 3896 cap.

313 3907 609 3959 enumerans.
634 3909 715 3961 Diod.
737 3923 809 3960 xvir.
850 3912 907 3960 121.
945 3907 1051 3958 Arrisu.
1074 3920 1125 3958 uri.
1145 3911 1170 3956 t.
1197 3911 1237 3956 1⁶.
1270 3907 1384 3958 Dindcr.

284 3985 340 4031 110.
374 3982 478 4033 Arriae.
496 3994 547 4032 vn.
568 3986 594 4032 1.
614 3987 639 4033 Β.
675 3984 810 4034 Plutarch.
850 3987 986 4033 nurnllt.
1013 3982 1118 4032 Arrian.
1136 3995 1186 4032 vn.
1202 3985 1227 4031 t.
1246 3985 1287 4032 18.
1316 3983 1382 4034 Plu-

282 4071 342 4121 cap.
354 4063 412 4108 11⁸.
439 4058 542 4111 Arriam
553 4073 605 4112 vsi.
615 4063 641 4110 8.
651 4064 691 4110 lt.
715 4061 808 4112 AElian.
850 4058 933 4109 tarcb.
944 4071 1003 4122 cap.
1014 4061 1072 4108 124.

283 4131 528 4186 fluctuamus.
550 4134 678 4186 Arrianus
690 4135 716 4186 ia
728 4136 808 4201 Epic·
879 4133 1009 4184 'Arrium
1037 4145 1091 4184 vrr.
1113 4137 1138 4186 t.
1166 4136 1206 4182 le.
1239 4132 1381 4186 Plutarch.

282 4213 330 4259 tet.
339 4221 371 4258 rr.
383 4211 424 4258 21.
848 4209 962 4260 Eumene
974 4223 1033 4275 cap.
1044 4213 1068 4260 1.
1096 4207 1357 4262 hlodouvicus.
