3025 4892
246 359 312 426 664
439 377 473 436 q.
498 373 629 423 cunrn
655 373 744 424 nuri
769 360 1129 427 murmurati.

246 520 356 602 lugam
372 518 522 583 concitet
536 523 700 600 sequente
715 515 927 584 Alexandro:
958 519 1019 583 sed
1029 537 1135 603 equus
1148 519 1245 601 eJus'
1259 517 1346 582 mul-

247 623 292 684 tis
322 621 512 685 vulneribus
540 619 718 683 confossus
753 617 985 703 deficiensque
1018 621 1207 704 procubuit,
1233 620 1350 702 posito

246 725 354 805 magis
376 743 462 804 rege,
480 740 580 804 quam
595 718 753 784 eliusw
775 722 891 804 itaque
914 722 992 785 dum
1014 742 1136 804 equum
1150 728 1267 796 mutat,
1281 730 1349 784 tar-

249 824 326 888 dius
342 825 513 888 insecutus
529 829 592 886 est.
634 821 689 886 35.
714 822 853 886 Interim
875 823 978 887 irater
991 822 1125 886 Taxilis
1141 824 1229 904 regis
1246 822 1357 886 Indo·-

247 944 331 1002 rum,
346 926 541 1010 praemissus
556 924 600 987 eb
616 920 822 1000 Alexandro,
838 942 975 987 monere
995 924 1104 1006 coepit
1123 923 1260 1000 Porum,
1283 927 1349 986 ‘ne

249 1027 370 1090 ultima
398 1025 543 1108 experiri
566 1028 801 1107 perseveraret,
827 1024 1030 1108 dederetque
1051 1045 1089 1088 se
1109 1025 1251 1089 victori!
1294 1023 1351 1088 36.

250 1127 301 1191 At
323 1127 389 1198 ille,
410 1145 595 1210 quenquam
613 1126 787 1190 exhaustae
799 1135 895 1191 eraut
907 1126 996 1191 vires
1010 1126 1257 1209 deficiebatque
1270 1145 1349 1189 san·

250 1230 336 1313 guis,
352 1237 460 1294 tamen
474 1229 517 1293 ed
532 1235 645 1292 notum
661 1247 782 1291 vocem
799 1230 989 1294 excitatus:
1012 1234 1023 1267 ‘
1032 1228 1215 1312 Agnosco,'
1227 1229 1351 1313 inquit,

251 1331 409 1395 ‘Taxilis
435 1331 578 1408 fratrem,
608 1330 768 1412 imperiiw
797 1331 956 1413 regnique
985 1331 1039 1394 sui
1069 1329 1290 1413 proditorisc'
1315 1337 1351 1396 et

251 1433 369 1511 telum,
384 1433 474 1517 quod
497 1452 596 1496 unum
619 1431 704 1494 sorte
728 1449 795 1495 non
815 1431 1015 1508 effluxerat·
1037 1432 1200 1496 contorsit
1212 1433 1246 1494 in
1260 1450 1350 1508 eum,

252 1536 344 1619 quod
368 1555 428 1618 per
447 1534 593 1600 medium
611 1540 731 1616 pectus
747 1535 936 1616 penetravit
950 1533 993 1598 ud
1009 1542 1147 1615 tergum.
1189 1533 1245 1599 37.
1268 1533 1349 1598 Hoc

252 1638 395 1702 ultimo¹
419 1637 550 1702 virtutis
566 1655 669 1718 opere
684 1635 787 1712 edito,
802 1636 914 1716 fugere
927 1636 1038 1700 acrius
1053 1636 1179 1718 coepit:
1208 1634 1268 1698 sed
1282 1635 1350 1699 ele·

254 1740 400 1823 pbantus
416 1755 563 1822 qunque,
577 1738 635 1821 qui
656 1737 765 1801 multu
782 1743 962 1820 exceperat
975 1737 1054 1814 tels,
1068 1736 1264 1803 deficiebat:
1287 1737 1352 1801 ite·

254 1859 319 1923 que
340 1839 431 1904 sistit
451 1839 576 1921 lugam,
599 1837 814 1922 peditemque
836 1841 990 1921 sequenti
1012 1838 1101 1903 hosti
1114 1838 1251 1922 objecit.
1293 1837 1352 1903 38.

254 1945 276 2008 J
280 1963 334 2008 am
344 1940 540 2006 Alexander
550 1945 754 2004 consecutus
765 1945 847 2014 eret,
859 1947 902 2017 et,
912 1939 1099 2023 pertinacia
1107 1939 1189 2004 Pori
1203 1940 1351 2020 cognitu,

172 2021 177 2042 ⁸
256 2045 393 2108 vetabat
413 2047 423 2080 ‘
435 2041 668 2106 resistentibus
683 2041 800 2122 parci!
843 2040 932 2122 Ergo
946 2041 1095 2124 undique
1108 2049 1145 2104 et
1159 2043 1192 2105 iu
1205 2040 1351 2125 pedites,

256 2152 291 2211 et
306 2147 339 2209 in
354 2145 487 2227 ipsumy
511 2143 637 2206 Porum
651 2143 721 2207 tela
740 2147 903 2226 congesta
916 2150 1012 2208 suut:
1035 2145 1110 2227 quis
1132 2142 1265 2234 tandem
1279 2162 1352 2224 gra·

256 2249 355 2310 vatus
370 2246 440 2310 lubi
455 2263 500 2309 ex
512 2245 626 2308 bellua
639 2245 755 2327 coepit.
792 2245 847 2309 39.
869 2241 986 2322 Indus,
997 2245 1056 2328 qui
1071 2245 1284 2328 elephantum
1299 2263 1352 2307 re·

186 2350 193 2364 ‘
258 2348 371 2430 gebat,
387 2345 589 2410 descendere
604 2365 682 2409 eum
697 2353 805 2424 retus,
817 2365 906 2410 more
919 2345 1021 2411 solito
1029 2345 1240 2429 elephantum
1255 2349 1353 2426 ‘pm-

189 2621 193 2632 '
290 2567 307 2590 ¹·
320 2559 419 2608 leniter
427 2561 505 2621 petitu
515 2563 633 2622 dmum
645 2559 816 2622 thusdrum,
825 2574 896 2623 qaum
903 2559 1038 2623 prolicua.

289 2629 303 2653 '⁸
322 2626 392 2680 Quod
402 2627 475 2678 ulan
485 2625 591 2684 fortuitu
608 2639 654 2673 nen
663 2626 785 2674 excidant
797 2625 869 2676 Pero.

713 2763 891 2785 mecm-nu

258 2861 442 2910 inuram-su
459 2862 536 2911 Voss.
554 2866 579 2911 2.
595 2862 693 2911 emittit
711 2877 799 2913 reem.
835 2864 950 2914 florent.
968 2871 995 2912 et
1014 2861 1089 2913 Vorr.
1101 2868 1123 2912 1.
1143 2863 1252 2913 Testilis.
1284 2862 1354 2914 lidd.

259 2926 347 2988 uulgp.
358 2931 419 2973 rute
430 2925 544 2975 Freinslr.
561 2927 721 2988 proditorem
738 2936 766 2976 et
778 2928 814 2976 ire
825 2928 920 2976 Fsrreb.
933 2927 977 2977 sed
991 2941 1117 2990 suprascr.
1131 2928 1267 2991 proditmq
1282 2929 1353 2990 quud

257 2989 354 3037 babent
373 2989 489 3038 Florent.
509 2989 578 3038 beiti.
596 2989 669 3038 Voss.
684 2995 706 3039 l.
718 2995 743 3040 2.
764 2992 831 3041 Dan.
845 2992 932 3054 Beug.
942 2997 967 3041 ².
979 2993 1051 3042 Pitb.
1062 2999 1089 3042 et
1101 2992 1161 3041 edd.
1174 2998 1283 3042 recenti.
1292 2993 1356 3051 qued

258 3051 411 3112 dudinsarte
423 3053 496 3101 Voss.
507 3057 530 3101 2.
547 3069 593 3101 nun
603 3053 721 3118 effiaderut
731 3055 799 3103 Mer.
816 3057 842 3104 in
853 3071 914 3117 aar,
928 3071 973 3118 per
988 3057 1090 3105 medium
1101 3058 1177 3105 Voss.
1188 3060 1279 3104 2-38
1296 3055 1355 3104 uro·

260 3125 327 3164 rent.
349 3117 420 3165 Laid.
432 3127 459 3166 et
478 3117 560 3180 Bong.
578 3123 670 3166 tuntum
680 3124 814 3180 praedm
831 3121 897 3168 Dan.
915 3125 1007 3169 turturi
1016 3126 1108 3183 putas,
1119 3121 1164 3169 sed
1176 3133 1304 3182 superscr.
1315 3133 1356 3167 uu.

258 3185 324 3229 -29
339 3181 416 3231 Voss.
428 3184 452 3228 t·
469 3181 530 3229 lude
545 3180 592 3243 qui.
628 3182 699 3231 Leid.
717 3184 833 3232 Florem.
843 3191 870 3233 et
882 3185 959 3234 Voss.
971 3189 994 3234 l.
1004 3189 1028 3234 2.
1044 3184 1226 3234 uiarum-ru
1242 3183 1318 3232 voss,
1329 3186 1356 3234 2.

749 3344 860 3394 NOTAE

287 3453 397 3515 'Equus
414 3452 477 3518 ejus]
494 3453 666 3516 bucephalus,
682 3453 716 3504 de
732 3469 783 3518 quo
825 3463 901 3505 terne
921 3455 976 3518 regi
994 3453 1144 3504 dedidisset.
1178 3454 1261 3502 Perre
1276 3453 1353 3503 Texi-

257 3528 421 3578 videllb.v1.
438 3543 498 3592 cap.
516 3535 540 3580 5.
558 3533 633 3584 reniu
647 3531 784 3595 stlabure,
823 3532 875 3580 tem
903 3532 988 3595 ipsum
1016 3527 1096 3578 fnisse
1124 3527 1193 3592 apud
1215 3527 1354 3580 Arriauum

254 3617 305 3652 uon
331 3603 481 3652 vulneribus
509 3603 654 3654 confectum
676 3607 783 3656 tradunt
821 3609 891 3671 lego.

255 3674 417 3726 Onesicritus
448 3677 517 3740 apud
546 3679 726 3743 Plutarchum,
754 3688 782 3732 et
855 3689 868 3716 ¹
886 3681 940 3730 Hoc
958 3679 1053 3742 mimo]
1074 3678 1162 3729 Simile
1181 3679 1304 3743 quiddam
1320 3680 1356 3730 de

254 3753 404 3804 Arrianus:
429 3753 557 3818 plerique,
577 3755 660 3821 lnquit
677 3757 783 3808 Plrrtar·
824 3773 870 3808 ruo
890 3758 935 3806 illo
955 3758 1057 3817 Seuera,
1075 3754 1120 3804 sed
1145 3753 1356 3817 magnificentius

255 3829 328 3890 ebus,
346 3843 380 3878 ex
400 3829 489 3893 prelio
509 3843 566 3879 eum
579 3830 663 3892 Por03
678 3845 785 3882 nonex-
825 3833 892 3882 dixit
902 3833 1020 3881 Lucanus
1031 3830 1074 3880 lib.
1083 3843 1122 3879 rr.
1153 3829 1355 3894 sednegatrlr·

257 3906 364 3969 templu,
379 3905 426 3956 red
445 3912 511 3970 post,
529 3907 577 3954 sub
598 3907 729 3958 vulnerum
741 3923 784 3959 cu·
826 3908 913 3956 rianns
924 3913 1070 3956 assecutum
1083 3917 1139 3954 esse
1148 3905 1210 3966 telo,
1220 3920 1297 3970 quem
1308 3921 1356 3970 ap·

254 3981 368 4031 ratione.
826 3980 1079 4047 petebut,'l'axilem.

288 4065 303 4089 ²
317 4056 427 4120 Imperii]
439 4057 632 4108 Totirrrlndis.
651 4059 788 4123 Regrirui]
858 4067 870 4100 ⁷
892 4059 927 4107 Et
947 4059 974 4105 iu
993 4055 1081 4120 ipssa]
1109 4057 1206 4105 Contra
1228 4053 1357 4104 Arrianus

256 4133 415 4196 Texilorum,
434 4149 493 4198 qus·
516 4149 576 4200 pars
598 4147 674 4187 erant
695 4135 787 4187 ludim.
826 4135 924 4184 Porum
936 4132 1119 4183 tandemultro
1132 4130 1232 4180 venisse
1243 4129 1346 4184 scribit.

257 4209 418 4273 Proditorem]
441 4211 493 4262 eri
515 4227 542 4261 re
564 4224 721 4278 regnumque
741 4227 787 4261 ex·
