3025 4892
289 351 359 418 778
529 357 719 426 acueris
745 365 836 414 nuri
861 365 931 416 nro.
956 367 994 414 x.
1017 367 1100 416 cue.
1121 349 1156 413 9.

290 537 294 544 ·
335 524 393 573 rx.
437 509 468 574 l.
489 509 560 574 Sed
576 509 648 592 jam
670 507 750 574 lutis
774 509 1030 574 admovebantur
1055 505 1277 574 Macedonum
1299 505 1382 590 genti

290 611 378 676 bellu
390 610 528 675 civilia·
557 610 649 674 Nam
662 617 697 674 ct
710 610 908 675 insociabile
921 617 974 674 cst
988 629 1132 692 regnum,
1146 617 1180 674 et
1194 629 1216 673 a
1231 610 1382 693 pluribus
1496 647 1497 700 i

291 713 525 796 expetebatur·
569 713 602 776 2.
634 712 783 777 Primum
812 732 890 794 ergo
920 712 1100 794 collegere·
1129 713 1235 791 rircs3
1265 711 1383 776 deindo
1496 743 1497 800 3

290 815 537 898 disperserunt:
560 820 685 878 etcum
700 813 853 896 pluribus
867 832 1001 897 corpus,
1012 831 1112 896 quam
1126 811 1297 896 cupiebat,
1307 831 1383 878 one·
1496 803 1497 882 l

290 924 430 992 mesent,
456 915 590 982 ceteral
609 916 760 981 membru
774 915 916 980 deficere
932 921 1122 1000 coeperunt:
1146 915 1301 1000 qnodque
1324 915 1383 978 im·
1496 983 1497 992 χ

290 1019 419 1102 perium
445 1021 509 1084 sub
523 1039 591 1084 nno
606 1027 695 1084 stare
705 1019 888 1102 potuisset,
904 1017 980 1081 dom
995 1036 1018 1082 a
1032 1018 1180 1100 pluribus
1194 1017 1382 1094 sustinetur,
1496 1029 1497 1076 l

291 1120 367 1184 ruit.
409 1119 441 1182 3.
464 1119 612 1186 Proinde
630 1121 707 1205 J’nre
719 1121 908 1202 meritoque
922 1120 1252 1201 populuaRomaous
1273 1120 1382 1184 ‘salu-

290 1227 358 1284 tem
380 1241 419 1286 se
440 1221 611 1305 Principic
625 1243 689 1288 suo
712 1220 854 1287 debere'
874 1220 1062 1304 profitetur,
1078 1221 1259 1298 cuinoctis,
1281 1239 1381 1303 quam

289 1341 388 1406 paene
406 1343 595 1406 supremam
609 1322 794 1399 habuimus,
807 1342 928 1387 novum
944 1322 1036 1387 sidus
1057 1322 1175 1386 illuxit
1217 1323 1248 1386 4.
1271 1320 1381 1404 Hujus

288 1425 434 1501 hercule,
448 1444 513 1488 noo
533 1425 617 1490 solia
637 1429 740 1502 ortus,
762 1424 872 1488 locem
899 1423 1059 1506 caliganti
1082 1423 1225 1488 reddidit
1244 1423 1380 1500 mundo,

289 1545 367 1590 cum
378 1528 452 1590 sine
466 1545 530 1591 sno
545 1525 659 1608 capite
669 1525 843 1590 discordia
852 1527 1002 1590 membra
1012 1525 1223 1607 trepidarent.
1244 1524 1277 1588 ὁ.
1289 1523 1381 1601 Quot

287 1626 346 1696 ille
370 1633 441 1691 tum
465 1628 612 1692 extinxit
633 1627 754 1692 lecesl
777 1633 860 1708 quot
884 1625 1035 1690 condidit
1049 1625 1202 1708 gladiosl
1225 1631 1380 1707 qmntam

288 1733 520 1813 tempestatem
531 1729 642 1794 subita
655 1727 832 1793 serenitate
844 1727 1025 1792 discnssitl
1064 1726 1143 1792 Non
1152 1745 1229 1807 ergo
1243 1725 1380 1791 revires-

289 1832 336 1896 cit
360 1831 493 1911 soluor3
515 1831 691 1896 sedetiam
705 1829 1005 1913 doretimperinm.
1048 1828 1081 1893 6.
1102 1826 1204 1892 Absit
1212 1828 1318 1894 ,modo
1333 1830 1381 1893 in·

288 1932 393 2008 vidia,
402 1933 555 2016 excipiet
566 1932 666 2016 hujus
675 1931 795 1995 saeculi
805 1939 957 2014 tempora
965 1931 1116 2015 ejusdem
1129 1928 1246 1994 domus
1253 1931 1379 1996 utinam

288 2038 464 2118 perpetua,
479 2041 570 2099 certe
585 2033 743 2097 diuturna
756 2033 951 2114 posteritas.
984 2032 1016 2096 7.
1030 2031 1180 2095 Ceterum
1194 2036 1228 2094 ut
1239 2030 1281 2095 ad
1295 2033 1380 2095 ordi·

287 2153 378 2211 nom,
401 2153 423 2198 a
447 2153 516 2216 quo
537 2153 592 2198 me
606 2133 848 2216 contemplatio
864 2134 1010 2216 publicae
1020 2133 1197 2198 felicitatis
1211 2139 1378 2210 averterat,

286 2234 440 2317 redeam3
461 2234 625 2301 Perdicca
645 2233 781 2300 unicam
803 2255 896 2318 spem
919 2237 1038 2300 salutis
1063 2255 1134 2301 suae
1160 2236 1195 2298 in
1221 2233 1380 2318 Meleagri
1496 2321 1497 2330 ἵ

285 2342 393 2403 morte
409 2336 621 2422 deponebat:
649 2340 793 2402 ‘uanum
806 2337 945 2402 eundem
958 2343 992 2404 et
1006 2336 1154 2415 infidum,
1166 2336 1378 2419 celeriterque

320 2523 333 2548 ⁶
347 2517 466 2577 densete
473 2519 628 2582 propendeat
640 2532 732 2569 secem
740 2519 804 2567 inter
816 2518 962 2568 Macerones
973 2517 1058 2568 tellure
1068 2517 1146 2567 sicile.

201 2815 206 2823 ·
320 2779 332 2824 ¹
344 2774 414 2825 Pill-
424 2775 530 2836 Minis
538 2779 607 2828 uiis.
627 2778 701 2830 leid.
710 2781 761 2831 irio
771 2782 861 2831 cirillo.
877 2782 953 2831 Voss.
962 2784 986 2830 8.
996 2777 1171 2843 tapetium-²
1179 2776 1292 2825 Floreut.
1303 2773 1378 2823 Leid.

287 2840 363 2889 Voss.
374 2843 397 2889 l.
409 2847 436 2889 et
452 2841 534 2904 Boog.
545 2843 674 2900 maliem,-
699 2844 783 2908 Boug.
794 2847 916 2904 cellim-
937 2847 1006 2895 Dan.
1019 2844 1140 2898 coam,
1151 2847 1177 2889 et
1188 2851 1315 2902 suprascr.
1326 2840 1379 2888 coli.

287 2903 401 2953 Fioreut.
410 2904 483 2955 Leid.
491 2906 567 2952 Voss.
577 2910 599 2954 1.
613 2907 716 2956 Pittaci
725 2909 807 2964 Bone.
815 2915 840 2960 2.
851 2910 981 2972 ametur.
992 2905 1198 2967 ‘Glorssmsspit
1209 2903 1275 2952 istud
1284 2902 1380 2951 reim!

284 2966 381 3018 liutius.
409 2967 468 3016 Ale.
477 2969 635 3027 uiuisdrrs
652 2971 719 3020 Mer.
730 2975 946 3024 nemmem-t
957 2974 1011 3023 Pro
1021 2971 1060 3021 eei
1071 2971 1146 3020 amris
1157 2969 1196 3017 rei
1205 2981 1260 3016 eum
1271 2968 1378 3016 lteocr.

286 3030 353 3092 crp'ss
369 3033 455 3093 nocta,
466 3034 517 3096 rei,
528 3034 597 3098 qnod
615 3036 693 3090 melo.
710 3051 768 3085 cum
782 3037 935 3087 lieumnnno
949 3045 976 3086 et
996 3036 1103 3086 Heinsio
1119 3033 1254 3095 legendnm
1267 3039 1317 3088 est,
1337 3031 1379 3092 psi

285 3094 368 3143 sorti!
384 3097 543 3146 Schmieder.
563 3098 605 3161 pri
620 3099 696 3148 aare
706 3099 792 3150 edidit
802 3101 942 3152 nona-r
959 3103 1042 3164 Boog.
1054 3105 1076 3148 l.
1086 3098 1183 3148 omittit
1192 3097 1255 3145 eolis.
1284 3095 1342 3143 Pel.
1354 3098 1377 3144 l.

285 3158 470 3222 trepidaret—ti
488 3162 564 3210 Voss.
575 3168 598 3211 l.
611 3170 639 3212 et
649 3163 732 3227 Βοῦς.
744 3169 769 3214 2.
783 3166 852 3221 Quod
861 3166 910 3216 iiie.
933 3167 990 3215 Pel.
1002 3170 1024 3214 l.
1035 3165 1091 3213 dues
1101 3160 1225 3212 exstinxit.
1248 3159 1307 3209 Ald.
1317 3161 1378 3221 pred

280 3223 446 3274 cordidit-ti
462 3224 519 3275 Pal.
531 3231 555 3276 1.
565 3227 691 3290 excipient.
715 3227 800 3292 Bong.
812 3235 834 3280 1.
845 3236 918 3293 temp,
926 3229 1022 3278 relicto
1034 3229 1131 3290 aliquot
1141 3226 1271 3275 literarum
1283 3225 1378 3287 sperio.

285 3293 333 3338 -7
351 3288 426 3337 Voss.
440 3294 462 3337 1.
479 3290 504 3336 io
524 3295 640 3352 margine
657 3292 746 3353 trehet,
762 3309 777 3342 e
791 3309 900 3356 prom
924 3295 1032 3343 Voss-2.
1044 3301 1072 3341 et
1089 3289 1316 3340 Pal.1.ornittuot
1333 3301 1378 3336 see.

283 3345 360 3403 Voss·
372 3357 396 3404 2·
406 3353 503 3404 evertit.
516 3354 631 3405 Freinsh.
638 3355 749 3419 possint,
759 3355 883 3407 Heinsius
894 3357 1016 3422 reperirier
1028 3357 1126 3421 legunt.
1157 3354 1230 3404 Voss.
1241 3357 1265 3404 2.
1281 3358 1306 3402 et
1320 3351 1379 3402 eiii·

779 3501 887 3551 Nom

317 3595 330 3621 ¹
346 3589 477 3654 Collegae]
491 3595 591 3645 Junete
607 3596 769 3659 luperissi,
783 3603 813 3646 ut
853 3595 1023 3658 ingestocibo
1039 3597 1172 3658 praestum
1189 3590 1278 3654 luerit,
1290 3598 1378 3642 cetere

285 3664 361 3714 modo
381 3667 500 3727 vidimus,
516 3670 638 3719 amicitie.
674 3672 728 3721 Alii
747 3675 811 3722 Mes.
852 3671 968 3720 membre
985 3669 1117 3718 deliciunt.
1153 3667 1378 3730 lterepnlperter

285 3741 367 3791 secuti
381 3741 480 3804 legunt,
496 3744 616 3800 sennem
633 3744 658 3793 id
676 3753 726 3808 est,
742 3748 812 3798 inter
851 3747 908 3796 elim
923 3746 1010 3796 lubere
1021 3752 1165 3809 coepernot,
1178 3743 1237 3791 dom
1249 3743 1379 3792 exercitui

284 3821 389 3868 serires
400 3821 562 3870 commisere.
851 3833 878 3875 et
890 3841 996 3875 summis
1005 3839 1088 3874 seritur
1097 3823 1314 3874 administrationi
1324 3825 1379 3888 plu·

315 3895 328 3930 b
354 3895 452 3960 Cano]
480 3899 547 3950 Ques
574 3898 618 3948 ille
645 3908 705 3950 sont
729 3907 810 3952 celere
851 3902 1077 3964 reslruponrrntur.

281 3973 386 4024 mire
405 3981 501 4037 prietes
521 3975 605 4038 ipsum
626 3978 736 4041 corpus?
765 3980 811 4028 Ni·
882 3977 1032 4041 ePrieeipi]
1053 3976 1119 4030 Quis
1135 3975 1178 4025 iile
1195 3974 1231 4024 rit
1250 3975 1380 4028 Romane·

283 4047 375 4096 mirum
393 4049 534 4111 angustiori
552 4052 664 4114 quedam
682 4052 811 4116 significa·
850 4069 907 4106 rum
918 4049 1380 4119 princepr‚eccorstainpeeristinoe

282 4121 356 4171 tione
367 4124 375 4152 ⁸
387 4137 480 4184 corpus
489 4125 496 4145 ’
506 4124 630 4188 intelligit
641 4128 811 4191 stomachum,
850 4127 1028 4196 expendimus.

285 4202 388 4261 pectus,
399 4207 526 4261 ventrem,
536 4203 585 4252 irc.
595 4201 664 4265 quod
676 4201 722 4253 ubi
731 4204 810 4256 nimio
