3025 4892
393 410 452 458 ou.
473 407 581 456 cxrv.
601 395 634 459 1.
671 411 709 460 r.
732 410 794 460 cir.
817 411 855 459 rr.
876 395 950 460 313.
1149 395 1214 462 761

124 550 251 621 Matar,
266 555 277 586 ⁸
291 551 382 634 quod
396 571 492 617 aures
504 552 580 634 ejus
594 552 708 617 debita
722 553 949 635 appellatione
961 561 972 588 ²
986 551 1215 620 fraudassent!

126 651 165 716 lit
181 671 259 715 cum
281 652 340 716 diu
361 672 448 717 nunc
468 654 502 716 iu
527 653 750 730 veneratione,
772 671 858 718 nunc
880 653 913 716 in
936 652 1100 744 desiderio
1124 655 1214 736 regis

124 753 318 833 basisseut3
339 754 373 816 iu
387 755 484 836 ipsos
498 771 596 818 versa
612 753 786 817 miseratio
812 753 886 816 est!
931 753 982 818 12.
1008 753 1214 820 Macedonia

126 853 259 935 profecti
275 853 362 917 ultra
375 848 716 936 Euphraten,'mediis
724 853 890 932 hostibus,
899 873 1024 918 novum
1040 854 1214 937 imperium

126 955 389 1037 aspernantibus,
417 954 599 1020 destitutos
628 975 666 1020 se
693 975 771 1020 esse
799 957 997 1029 cernebaut;
1021 955 1092 1020 sine
1123 965 1214 1022 certo

127 1057 203 1134 regis
217 1055 364 1131 haerede,
380 1056 453 1118 sine
466 1055 599 1120 beredo
612 1058 704 1138 regni
720 1057 872 1139 publicas
886 1057 975 1120 vires
991 1055 1033 1120 ad
1049 1076 1086 1120 se
1101 1075 1214 1140 quem-

127 1172 185 1236 que
205 1162 399 1220 tracturum.
442 1156 496 1221 13.
519 1156 619 1221 Bella
633 1157 754 1222 deinde
770 1157 893 1235 cirilla,
907 1178 984 1241 quse
999 1164 1113 1223 secuta
1126 1165 1213 1236 sunt,

126 1257 287 1322 ruentibus
302 1259 566 1338 augurabantur:
590 1258 743 1336 ‘iterum,
756 1277 823 1322 non
839 1258 881 1323 de
899 1278 997 1341 regno
1023 1258 1130 1338 Asius,
1152 1260 1214 1324 sed

127 1359 165 1421 de
175 1379 267 1440 rege,
281 1360 367 1440 ipsis
382 1360 574 1439 sanguinem
587 1378 663 1422 esse
674 1359 899 1426 fundendum:
924 1361 976 1424 14.
989 1361 1087 1426 novis
1098 1361 1214 1426 vulne·

125 1459 210 1524 ribus
225 1466 356 1524 veteres
370 1459 573 1542 rumpendas
588 1460 764 1525 cicatrices
777 1480 786 1542 ;
810 1479 922 1539 senes,
947 1461 1086 1538 debiles,
1110 1461 1213 1527 modu

126 1563 222 1641 petita
247 1561 406 1626 missione
428 1581 449 1624 a
470 1560 566 1644 justo
587 1580 677 1643 rege,
696 1579 782 1626 nuuc
796 1562 973 1628 morituros
988 1581 1048 1646 pro
1062 1565 1214 1646 potentia

125 1661 259 1727 forsitan
274 1663 432 1727 satellitis
447 1661 593 1746 alicujus
605 1662 790 1745 ignobilis!
820 1665 873 1728 1⁵.
896 1663 973 1728 Has
987 1665 1213 1746 cogitationes

125 1763 330 1828 volventibus
343 1783 414 1828 nox
428 1766 630 1846 supervenit,
644 1771 866 1848 terroremque
887 1766 1006 1830 auxit:
1029 1766 1155 1831 milites
1176 1768 1213 1832 in

125 1864 217 1930 artois
229 1865 432 1946 rigilebent:
443 1863 623 1948 Babylonii
639 1866 725 1931 alies
739 1886 759 1930 e
774 1866 886 1943 muris,
902 1867 987 1930 alius
1003 1867 1146 1932 culmine
1158 1869 1214 1931 sui

125 1965 258 2050 quisque
270 1967 355 2030 tecti
370 1965 647 2048 prospectabant,
659 1969 759 2050 quasi
774 1967 916 2032 certiora
931 1967 1052 2032 visuri:
1076 1968 1130 2034 le.
1149 1987 1212 2034 uec

124 2067 297 2151 quisquam
317 2067 444 2131 lumina
472 2066 615 2132 audebat
643 2069 840 2146 accendere,
866 2076 912 2147 et,
937 2069 1016 2153 quia
1040 2070 1225 2134 oculorum·

126 2170 388 2245 musterus,
410 2169 559 2233 fremitus
583 2186 751 2253 vocesque
775 2171 911 2236 auribus
937 2171 1142 2253 captabant:
1172 2189 1213 2234 ac

123 2269 312 2353 plerumque
327 2288 414 2334 vano
440 2278 530 2335 metu
556 2270 661 2338 territi
685 2273 930 2355 perobscuros
953 2273 1101 2341 semitas,
1125 2271 1213 2336 alius

123 2368 175 2432 alii
188 2377 416 2448 occursantes,
430 2370 573 2436 invicem
587 2373 736 2454 suspecti
751 2380 787 2437 et
801 2373 926 2437 soliciti
939 2371 1133 2436 ferebantur.
1158 2372 1212 2436 1⁷.

122 2469 242 2550 Persae,
256 2472 366 2536 cornis
386 2491 449 2536 suo
474 2489 567 2535 more
590 2472 768 2550 detonsis,⁸
792 2473 827 2536 in
849 2472 981 2556 lugubri
1004 2479 1111 2547 veste,
1136 2489 1213 2537 cum

148 2631 814 2699 ‘counimusmmaoespmmwtmsa

120 2861 149 2906 12
163 2859 172 2888 ⁶
184 2859 253 2908 Hac
264 2858 396 2922 periodus,
411 2859 498 2923 siqua
517 2859 569 2908 alia
585 2859 678 2921 Curtii,
698 2859 896 2923 glossematibus
907 2860 1082 2910 contaminata
1101 2859 1213 2912 ridetur.

119 2920 292 2972 Praeferrem:
310 2923 414 2986 isipaos
430 2937 498 2971 carra
514 2923 1216 2986 Μιε,·ιὶ1ηΕ.ἰιια.1.η.ἰ.ωρεηωι’ὸυΜ·

116 2985 321 3037 riseardseredr
330 2985 436 3049 publicus
446 2985 580 3047 utres,t5c.'
595 2987 756 3038 flrbmirder.
791 2988 866 3036 Voss.
876 2991 901 3036 1.
914 2993 1072 3052 opmauta.
1101 2961 1213 3040 florent.
1244 2977 1255 2992 ⁰

118 3049 188 3099 laid.
197 3051 273 3099 Voss.
287 3057 310 3099 1.
321 3058 349 3098 et
358 3050 441 3112 Bous.
452 3054 478 3100 Ξ.
488 3050 620 3100 semesa
653 3051 728 3100 Voss.
739 3055 765 3102 2.
779 3052 831 3101 sise
840 3051 925 3101 herede
934 3054 1004 3114 regni
1013 3053 1064 3102 sisse
1074 3057 1137 3102 terto
1148 3055 1213 3114 regis

117 3113 272 3163 tenda-it
289 3114 407 3164 florent.
418 3113 491 3162 Laid.
502 3121 531 3164 ct
540 3114 617 3164 Voss.
628 3118 652 3164 l.
663 3116 747 3164 driade
755 3115 830 3164 ciuili
864 3115 940 3166 Voss.
951 3121 975 3164 ⁸2.
990 3121 1079 3166 setun
1089 3130 1139 3165 esse
1147 3129 1212 3166 rara·

114 3179 394 3242 perdomemur:
412 3178 488 3240 petita
498 3192 556 3227 ress.
589 3178 781 3240 Pitb.1'sssioss
797 3193 844 3242 pro
860 3179 978 3229 absbue.
1012 3181 1125 3229 Floreat.
1140 3179 1213 3228 froid.

116 3247 144 3289 rt
159 3242 238 3291 Voss.
250 3247 273 3291 1.
292 3243 416 3291 omittunt
433 3257 448 3290 a
466 3251 525 3290 ante
536 3241 675 3301 jessa-ts
693 3244 810 3292 Floreat.
826 3243 882 3291 Hes
897 3258 917 3291 r·
929 3241 1066 3292 abatibus.
1099 3243 1213 3292 Florrut.

116 3303 188 3354 leid.
207 3307 284 3354 Voss.
296 3309 321 3355 l.
345 3306 400 3355 Pal.
411 3310 434 3355 1.
452 3313 481 3353 et
498 3305 564 3354 Dau.
580 3307 643 3356 sis'ss
658 3307 740 3364 narb,
758 3307 853 3364 omissa
869 3307 1063 3369 praepositione.
1095 3306 1172 3354 Voss.
1185 3308 1212 3354 1.

114 3369 211 3420 unitur
229 3369 296 3420 terti.
330 3369 379 3418 Vir
395 3368 487 3417 doctus
504 3369 532 3420 iu
552 3369 610 3420 Act.
624 3371 703 3420 lirnd.
721 3374 793 3420 172⁶.
811 3386 837 3434 p.
850 3373 905 3420 lut.
927 3369 1128 3432 transpositione
1144 3368 1213 3417 bunc

114 3432 197 3482 luenrn
213 3434 270 3484 inte
304 3432 362 3482 'tati
381 3447 434 3481 atres
455 3433 640 3483 restituendum
655 3443 752 3494 censet,
762 3434 813 3484 sic:
829 3433 1024 3498 prospectatustr
1039 3431 1213 3494 necquicquam

114 3496 203 3547 haias
212 3501 273 3547 esdr
325 3498 457 3550 “aedera
466 3497 534 3558 passi
544 3499 645 3547 certiora
653 3498 739 3559 eisaei,
749 3497 843 3559 dedo,
850 3500 890 3558 tro.
903 3509 952 3542 uon
962 3494 1088 3556 probante
1098 3495 1213 3546 Scbmle·

113 3557 238 3610 den-ld
255 3561 313 3611 Pal.
324 3565 347 3611 l.
359 3560 464 3609 errabat
473 3561 547 3610 risus.
569 3561 642 3610 Laid.
654 3561 729 3609 Voss.
743 3565 767 3608 1.
779 3567 806 3608 et
817 3561 886 3607 Dan.
897 3559 1030 3621 pinosque
1040 3573 1098 3622 pua.
1117 3559 1173 3609 Pel.
1186 3565 1211 3612 1.

112 3625 179 3673 wis
188 3630 262 3675 nete.
282 3626 366 3687 Bong.
376 3625 581 3673 unatrita-lt
594 3625 708 3674 florent.
721 3622 795 3674 Leld.
806 3623 881 3672 Voss.
893 3625 952 3671 1.1.
964 3624 1032 3672 Dru.
1044 3623 1102 3673 Pal.
1116 3629 1138 3674 1.
1149 3623 1211 3675 Ale.

610 3752 719 3804 Nom

140 3857 153 3884 ⁸
166 3849 264 3899 bem
283 3847 374 3911 appel]
391 3848 443 3898 Dei
454 3849 555 3898 nemius
573 3848 642 3914 quud
682 3849 768 3899 stituti
780 3854 863 3898 eraut.
880 3846 947 3896 Vide
957 3847 1002 3896 lib.
1012 3861 1040 3896 v.
1051 3861 1109 3910 cap.
1121 3852 1145 3896 1.

109 3925 157 3990 ipsi
168 3923 432 3975 meritudsbebatur.
713 3921 951 3984 ‘Comisdrtosss'sJ
967 3919 1212 3970 ltosillefulrmul·

138 3999 151 4032 ¹
166 4000 245 4050 uun
256 3997 386 4061 mat]
400 3997 542 4062 Euphratis
556 3999 642 4048 alveos
683 4006 766 4049 taram
778 3999 805 4047 ln
816 3999 917 4048 oriente
936 3997 1061 4058 gentium,
1078 4009 1164 4045 cernas
1182 3997 1209 4046 iu

110 4078 286 4144 Babylonem,
297 4076 324 4125 in
335 4076 593 4140 quaerant,paediam
604 4076 642 4124 iu·
682 4077 756 4126 luctu
774 4073 904 4134 tundare;
921 4081 950 4121 et
968 4085 1002 4120 ex
1023 4073 1103 4123 saorla
1121 4072 1208 4138 profa-

108 4153 274 4214 terdaebats
291 4151 337 4203 sed
354 4151 430 4201 multi
447 4159 508 4201 sunt
520 4150 584 4201 citra
601 4166 642 4200 ur·
681 4153 774 4216 nisque
784 4149 867 4200 literis
878 4146 1028 4212 accipimus.

107 4231 168 4282 ten
178 4228 255 4280 alvei
270 4226 395 4289 tlnsrlnist
412 4241 476 4292 quos
494 4227 565 4276 ultra
581 4239 642 4276 con·
