3025 4892
180 379 639 430 raarusuasnssurra.1s
656 381 692 442 o.
708 377 839 431 euasti
858 381 947 440 nusi
965 383 1038 432 niu.
1054 381 1093 434 x.
1136 369 1202 434 ⁷53

111 529 157 588 rat
169 541 245 588 ease
258 528 450 599 contactos,
459 522 761 606 juberetinterfici:
780 521 895 588 offerre
909 543 946 588 se
962 543 1103 608 corpora
1117 527 1175 593 lraa
1188 549 1199 610 3

114 622 309 689 trucidaret'
323 623 347 666 ⁸*
363 622 385 665 l*
400 623 423 666 ³
439 624 461 667 l*

307 799 338 857 J.
358 796 629 857 FRElNSllEMll
650 795 996 860 SUPPLEMENTUM.

151 926 176 984 l.
190 923 326 982 Tandem
339 941 402 1001 praa
415 922 518 982 dolore
532 922 580 982 uis
595 924 703 982 mentis
713 937 866 1006 compotes
881 927 1010 987 uniuersi
1024 937 1204 988 concurrunt

117 1019 149 1077 ad
160 1019 284 1098 regiam,
297 1020 445 1097 armisque
468 1028 538 1077 ante
562 1017 640 1077 sores
661 1019 811 1097 projectis,
826 1023 949 1081 tunicati
964 1033 1108 1094 astantes,
1123 1024 1204 1082 nuda

117 1125 143 1174 et
161 1115 292 1175 obnoxia
317 1114 414 1192 poenis
438 1131 564 1191 corpora
590 1113 707 1173 admitti
733 1115 839 1175 dentes
866 1117 1001 1178 orabant.
1043 1118 1142 1177 ‘Non
1171 1135 1204 1177 se

118 1210 261 1290 deprecari
279 1211 354 1288 quin
371 1209 525 1289 suppliciis
546 1209 675 1267 sontium
690 1210 889 1288 expiarentur,
904 1232 970 1292 quse
985 1231 1037 1292 per
1050 1223 1206 1273 contuma-

118 1307 183 1366 ciam
204 1305 423 1384 deliquissent:
443 1305 522 1383 regis
544 1305 727 1364 iracundiam
750 1305 806 1365 sibi
828 1317 920 1366 morte
943 1307 1099 1367 tristiorem
1118 1307 1208 1368 esre!

118 1404 143 1458 i.
161 1403 298 1480 Quaque
321 1401 386 1462 dies
412 1412 574 1478 noctesque
596 1412 665 1460 ante
687 1401 799 1480 regiam
823 1402 1025 1480 persistentes,
1049 1403 1206 1463 miserabili

118 1497 234 1558 clamore
248 1497 412 1576 habituque
425 1497 627 1578 poenitentiam
642 1516 726 1556 suam
740 1499 954 1576 approbarent:
970 1498 1093 1558 biduum
1105 1507 1206 1558 tamen

119 1591 254 1654 aduersus
268 1593 449 1652 humillimas
460 1613 580 1653 suorum
594 1613 698 1673 preces
712 1593 867 1653 iracundia
880 1594 958 1672 regis
973 1594 1105 1655 duravit:
1120 1595 1206 1654 tertio

118 1687 161 1747 die
179 1691 276 1750 victus
298 1689 468 1748 constantia
489 1688 668 1771 supplicum,
689 1689 852 1767 processit:
881 1689 1075 1770 incusataque
1102 1690 1207 1750 leniter

119 1786 257 1844 exereitus
271 1783 468 1856 immodestia,
481 1803 542 1844 non
557 1784 620 1844 sine
632 1785 734 1845 multis
748 1786 895 1864 utrimque
914 1784 1063 1866 lacrymis,
1086 1786 1116 1845 in
1138 1803 1205 1864 gra-

118 1878 182 1938 tiam
194 1899 228 1938 se
241 1899 311 1939 cum
324 1879 396 1959 ipsis
410 1878 505 1938 redire
518 1879 671 1958 professus
684 1892 741 1940 est.
783 1885 812 1940 3.
835 1880 935 1959 Digna
954 1892 1053 1940 tamen
1075 1899 1122 1940 res
1143 1881 1207 1940 uisa

119 1984 250 2054 estquis
273 1975 434 2053 majoribus
454 1975 560 2035 hostiis
581 1975 773 2055 expiaretur.l
810 1977 918 2056 'ltaque
934 1977 1078 2036 sacrificio
1092 1977 1207 2055 magni·

118 2071 167 2128 boe
178 2081 360 2151 perpetrato,
375 2070 576 2132 Macedonum
590 2072 678 2131 simul
688 2072 903 2152 Persammque
919 2073 1059 2152 primores
1074 2073 1208 2132 invitavit

119 2165 153 2223 sd
174 2166 290 2247 epulas.
332 2167 449 2226 Novem
472 2166 566 2226 millia
589 2185 626 2227 eo
649 2167 784 2227 convivio
805 2169 969 2247 excepisse,
990 2167 1139 2250 proditum
1160 2177 1208 2227 est

118 2263 271 2335 memorioe,
281 2277 394 2340 eosque
406 2263 661 2322 omnesiuritante
671 2282 742 2343 rege
754 2283 790 2324 ex
805 2264 909 2324 eodan:
925 2273 1036 2324 cratere
1050 2262 1206 2322 libauisse:

118 2356 227 2419 Graecis
247 2359 440 2439 barbarisque
465 2360 580 2419 vatibus
607 2370 670 2419 tum
697 2361 756 2420 alia
779 2362 877 2421 leuata
903 2373 973 2422 vota
994 2361 1207 2442 praeeuntibus,

116 2463 174 2512 tam
186 2455 322 2533 inprimis
336 2463 371 2513 ut
384 2473 422 2514 ea
433 2454 589 2532 utriusque
601 2454 713 2533 imperii
735 2456 765 2513 in
781 2457 857 2517 idem
871 2477 978 2538 corpus
993 2457 1099 2516 coalita
1112 2457 1207 2518 socie·

115 2557 158 2605 tas
170 2560 315 2629 perpetua
336 2550 436 2608 foret.c
476 2553 507 2607 4.
529 2548 679 2610 Maturata
692 2550 800 2610 deinde
814 2561 860 2612 est
873 2553 985 2624 missio,
1001 2563 1031 2611 et
1045 2551 1208 2611 infirmissi-

115 2661 177 2702 mus
189 2645 320 2723 quisque
333 2645 534 2705 exauctorati:
556 2645 717 2705 amicorum
729 2665 848 2726 quoque
870 2648 1017 2707 seniorum
1032 2645 1208 2724 quibusdam

115 2751 310 2800 commeatum
331 2740 433 2800 dedit:
457 2759 494 2801 ex
516 2741 582 2819 quis
605 2741 702 2802 Clitus
727 2752 926 2822 cognomento
945 2743 1051 2814 Albus,
1066 2741 1209 2822 Gorgias·

114 2855 169 2913 que
182 2850 215 2898 et
228 2835 422 2918 Polydamas,
433 2845 465 2896 et
478 2837 643 2917 Antigenes
657 2833 761 2898 tuere*
802 2843 831 2899 5.
844 2839 1030 2898 Abeuntibus
1044 2857 1104 2898 nou
1119 2838 1208 2899 modo

112 2933 253 3010 praeteriti
268 2933 409 3012 temporis
423 2933 571 3012 stipendia
585 2951 651 2993 curn
667 2933 725 2993 lide
738 2935 1001 3012 persolviturum
1016 2934 1104 2994 etiarn
1115 2933 1210 2992 talen-

111 3037 172 3088 tum
187 3028 300 3109 adjccit
313 3029 344 3086 in
360 3028 495 3108 singulos
518 3030 636 3102 milites,
651 3029 749 3089 viatici
771 3029 899 3090 nomine.
943 3029 1034 3089 Filios
1048 3047 1085 3089 ex
1100 3029 1210 3089 Asiati-

111 3123 154 3180 cis
175 3125 322 3184 nxoribus
343 3137 500 3203 susceptos
521 3125 573 3202 (ad
597 3125 701 3185 decem
719 3125 811 3184 millia
824 3125 917 3185 luisse
932 3125 1068 3200 traditur)
1081 3124 1162 3204 apud
1177 3143 1209 3185 te

109 3217 239 3297 relinqui
247 3220 351 3299 jussit,
364 3238 402 3278 ne
416 3219 446 3277 in
461 3220 670 3280 Macedoniam
687 3239 756 3280 eum
778 3221 950 3299 parentibus
968 3220 1157 3298 transgressi,
1179 3227 1210 3277 et

109 3313 290 3393 conjugibus
304 3314 464 3393 liberisque
483 3317 629 3394 prioribus
647 3316 782 3396 permixti
798 3315 925 3376 familias
940 3313 1124 3394 singulorum
1137 3331 1210 3372 cou-

106 3410 296 3470 tentiombus
319 3419 351 3468 et
371 3410 526 3471 discordiis
546 3413 718 3494 implerent:
741 3413 797 3472 sibi
815 3429 894 3471 curoe
913 3410 974 3468 lore
995 3407 1154 3486 pollicitus,
1176 3417 1211 3468 ut

105 3507 205 3586 patrio
217 3526 303 3567 more
322 3507 451 3565 instituti
465 3508 576 3569 militiae
590 3519 668 3568 artes
682 3507 902 3566 edocerentur?
941 3505 971 3564 6.
995 3504 1040 3562 Ita
1054 3521 1140 3582 supra
1156 3504 1210 3565 de-

104 3623 169 3664 cem
185 3613 398 3664 veteranorum
416 3603 510 3664 millia
530 3603 653 3664 dimissa
677 3612 765 3670 sunt:
788 3599 964 3680 additusque
989 3611 1036 3661 est
1058 3601 1209 3674 Craterus,

105 3701 155 3780 qui
169 3719 229 3761 eos
243 3698 416 3771 deduceret,
427 3718 464 3758 ex
477 3700 635 3779 praecipuis
648 3697 727 3778 regis
741 3697 861 3768 runicis:
876 3697 935 3768 isti,
948 3697 973 3756 si
987 3696 1059 3774 quid
1073 3695 1208 3754 humani-

104 3807 152 3860 tus
166 3796 364 3875 contigisset,
376 3794 622 3876 Polyspercbouti
635 3815 737 3880 parere
751 3795 828 3873 jussi
844 3802 923 3854 suut.
958 3795 988 3852 7.
1004 3791 1106 3850 Literis
1120 3793 1208 3850 etiam

130 3967 298 4017 lArrianus
319 3979 370 4016 vn.
392 3971 417 4017 a.
435 3971 479 4017 11.
506 3967 643 4018 Plutarch.
715 3965 987 4017 ‘senitentiam

100 4057 158 4104 esp.
169 4049 234 4093 m.
256 4043 356 4093 Jurtio.
369 4056 419 4094 ιιι.
431 4047 472 4094 ta.
483 4047 508 4093 d.
532 4041 643 4094 Diodor.
715 4049 726 4073 ⁶
741 4039 847 4089 Arriam
858 4051 908 4088 vn.
919 4043 943 4088 a.
955 4043 996 4088 att.
1019 4035 1129 4088 Diodes.
1141 4049 1211 4088 aust.

100 4131 171 4169 xsts.
185 4123 252 4170 1⁰⁹.
683 4120 740 4166 ltu.
780 4115 877 4167 Jnstin.
901 4127 953 4167 sn.
972 4119 1012 4166 11.
1033 4118 1058 4165 t.
1099 4114 1208 4166 Diodor.

131 4202 143 4227 ⁰
159 4195 278 4244 Arsissa.
289 4207 341 4243 vn.
350 4197 378 4244 ².
388 4198 428 4243 at.
683 4205 755 4243 xvn.
767 4193 823 4242 100.

165 4276 271 4339 uena.
280 4278 304 4322 et
316 4273 375 4325 Ver.
383 4275 448 4326 cua
618 4275 651 4333 Q.
664 4273 735 4324 Cart.
1088 4273 1103 4318 8
1120 4271 1143 4319 B
