3025 4892
407 383 466 430 ou.
489 381 599 430 cxru.
621 366 653 431 2.
676 385 713 432 s.
737 384 797 433 ou.
820 385 856 434 n.
879 370 955 436 327.
1167 375 1232 440 691

131 529 376 606 congenitoque
404 525 586 608 quadrigae.
642 527 694 593 lo.
717 525 764 592 At
795 527 1014 605 Macedones,
1052 533 1109 614 qui
1140 535 1231 598 ornni

133 622 320 690 diwdmine
329 625 403 708 jam
416 626 589 693 defunctos
603 649 642 693 se
654 648 733 694 esse
744 629 964 708 crediderant,
981 639 1161 716 postquam
1181 636 1236 700 in·

133 729 261 808 tagram
280 726 408 794 bellom
429 748 505 792 cnm
528 729 749 796 ferocissimis
764 730 870 795 Indiae
886 733 1043 813 gentibus
1058 754 1236 818 superesse

134 833 376 906 cognoverunt,
389 827 576 912 improviso
584 837 678 895 metu
692 831 812 910 territi,
827 841 940 897 rursus
954 833 1128 901 seditiosis
1145 839 1236 902 voci·

134 927 198 992 bne
212 946 324 1009 regm
349 928 521 1014 increpare
543 939 725 1016 ooeperont.
769 934 822 997 17.
846 933 1017 1016 ‘Gangen
1039 955 1183 1015 amnem,
1199 946 1234 1006 et

133 1047 209 1110 qam
224 1029 313 1094 ultra
326 1037 451 1107 essent,
463 1041 604 1101 coactos
619 1033 891 1113 summitterem
907 1053 972 1098 non
984 1041 1095 1103 tamen
1107 1037 1235 1116 finisse,

133 1130 191 1198 sed
205 1137 360 1195 mamam
381 1131 517 1198 bellum.
560 1133 742 1198 Indomitis
766 1135 922 1216 gentibus
942 1155 981 1200 ee
1005 1139 1173 1224 obJectos,
1195 1151 1235 1205 ut

133 1233 292 1313 sangnine
314 1251 379 1296 suo
400 1233 565 1316 aperirent
585 1234 618 1298 ei
639 1232 823 1300 Oceanum.
867 1237 920 1301 le.
943 1237 1046 1304 Trahi
1068 1246 1161 1306 extra
1189 1244 1234 1308 si·

134 1331 235 1396 dara*
248 1342 283 1397 et
297 1335 417 1410 solem,
430 1336 572 1418 cogique
585 1335 687 1414 adire,
702 1355 780 1418 qam
792 1337 982 1404 mortalium
997 1341 1105 1406 oonlis
1118 1350 1235 1408 natura

135 1432 345 1498 subduxerit.
401 1434 513 1500 Novis
536 1437 728 1507 idemtidem
754 1441 857 1504 armis
879 1459 983 1505 novos
1005 1441 1120 1506 hostes
1142 1444 1234 1510 exis-

134 1533 228 1598 tere!
273 1533 372 1612 Quos
385 1541 423 1600 ut
436 1556 554 1602 omues
574 1537 717 1603 fundant
738 1538 931 1625 lugeatque,
945 1542 1038 1626 quod
1059 1545 1234 1625 proemium

134 1636 230 1719 ipsos
242 1637 400 1700 maneret
422 1638 611 1720 caliginem,
631 1658 673 1704 ac
692 1643 864 1718 tenebras,
886 1649 919 1708 et
942 1653 1139 1727 perpetuam
1152 1665 1234 1712 noc-

136 1746 204 1804 tem
217 1737 388 1821 profundo
402 1739 635 1820 incubantem3
658 1741 821 1823 repletum
835 1743 1031 1808 immanium
1047 1745 1235 1812 belluarum

137 1839 291 1922 gregibus
312 1839 451 1905 fretam:
476 1841 667 1908 immobiles
689 1843 812 1921 audes,
834 1843 869 1907 in
898 1844 1045 1927 qnibns⁰
1073 1848 1233 1912 emoriens

136 1949 254 2005 natura
275 1939 455 2005 deiecerit’
498 1943 552 2007 19.
572 1941 665 2020 Rex,
687 1964 755 2008 noo
777 1964 851 2022 sna,
874 1944 935 2010 sed
950 1945 1094 2010 militum
1119 1948 1236 2015 solici-

137 2043 248 2110 tudine
269 2044 403 2121 anxius,
426 2044 592 2109 concione
617 2047 786 2116 advocata
811 2048 946 2126 docet,‘
970 2047 1123 2116 imbelles
1147 2071 1234 2133 esse,

165 2201 179 2235 ²
188 2205 240 2253 Pro
248 2205 325 2265 mois,
335 2220 387 2270 qao
397 2205 494 2257 mbisde
502 2205 635 2265 metabaal,
645 2208 721 2256 oreris
729 2223 800 2257 soros
811 2209 889 2260 bosia
899 2225 1031 2259 aeranem.

595 2329 778 2356 “tomeun

137 2431 276 2493 qasdrigaer
293 2430 361 2483 bier.
371 2430 476 2492 sqaitass
487 2431 522 2481 X.
533 2429 626 2480 omisso
637 2431 720 2480 aridia.
753 2430 829 2479 Voss.
840 2434 864 2480 2.
879 2435 955 2480 cetere
965 2444 1013 2496 pro
1023 2433 1235 2494 nongentenos.-

137 2497 168 2542 lo
183 2495 301 2544 Florent-
321 2495 362 2544 Aa
379 2495 527 2544 Macedones.
561 2494 637 2546 Voss.
655 2499 680 2544 2.
698 2510 724 2544 se
745 2510 796 2544 esse
810 2496 942 2544 credebant.
976 2495 1070 2558 Volgg.
1090 2493 1150 2542 edd.
1173 2505 1235 2542 eote

138 2558 250 2608 rumen.
260 2563 429 2621 pamm,-
443 2558 521 2608 codd.
533 2573 595 2609 sero
604 2568 632 2607 et
643 2559 703 2607 add.
716 2567 826 2609 reeeotr.
837 2564 966 2621 μοιιιιιιι.
991 2559 1065 2609 Voss.
1079 2562 1102 2606 1.
1114 2565 1141 2607 et
1153 2557 1236 2620 liosrg.

137 2623 297 2685 Lissproeisa
306 2626 444 2670 iaetu—1⁷
462 2623 537 2671 Voss.
552 2627 576 2671 1.
593 2629 622 2671 et
638 2623 695 2671 Bon
714 2626 758 2670 ,2.
775 2627 865 2672 moetos
878 2623 1038 2672 transmisere.
1071 2623 1139 2670 Mor.
1158 2637 1204 2670 non
1215 2627 1236 2671 t.

130 2686 247 2748 ,triviae
277 2686 340 2734 vid.
352 2686 415 2743 Not.
424 2686 552 2737 Van-lli
568 2687 681 2736 Floreat.
737 2685 774 2735 io.
792 2687 867 2736 Voss.
878 2691 900 2735 1.
911 2690 937 2736 2.
955 2687 1009 2735 iila.
1025 2694 1053 2736 et
1070 2687 1155 2749 vntgg.
1175 2691 1236 2736 ante

137 2749 421 2807 raimunde-seres,-
436 2749 571 2800 Acidaliae
583 2750 655 2799 malit
664 2750 811 2800 sadduceis.
845 2750 918 2799 Voss.
930 2753 955 2799 2.
963 2751 1059 2800 emittit
1074 2755 1101 2799 ut
1111 2759 1172 2798 ante
1185 2764 1235 2798 osa·

135 2828 186 2862 aes.
217 2814 597 2876 Voss.l.ealigise.1¹'lorent.
611 2813 682 2862 Leid·
694 2815 768 2863 Voss.
777 2819 800 2864 l.
811 2813 878 2862 Dan.
891 2813 947 2862 Pal.
957 2819 980 2862 1.
993 2823 1020 2861 et
1029 2815 1086 2862 Bon
1106 2819 1237 2876 .prrpetun

135 2883 212 2926 secte.
244 2877 362 2927 Floreat.
370 2877 445 2928 Leid.
456 2878 532 2926 Voss.
544 2882 566 2927 1.
577 2883 603 2927 2.
615 2875 675 2927 Alo.
688 2878 773 2927 colio.
785 2877 885 2941 Gryph.
899 2878 967 2926 Mer.
981 2879 1040 2928 Bas.
1051 2829 1106 2927 cof.
1116 2887 1143 2926 et
1156 2877 1235 2925 Frob.

135 2939 286 2990 ιἰιιιιιιιιι
294 2942 366 2991 sacri.
386 2941 443 2990 Pal.
454 2945 478 2991 1.
489 2940 609 2990 islasraor
619 2942 742 3004 egregium
750 2941 920 3000 fretam-19
936 2943 1012 2991 Voss.
1025 2945 1048 2990 1.
1059 2947 1087 2992 et
1099 2940 1182 3004 Boog.
1195 2943 1236 2988 sed

134 3006 316 3056 massadae.
346 3005 423 3054 Voss.
433 3010 457 3054 2.
473 3007 687 3064 msciosesscato3
705 3006 764 3055 l’sl.
780 3010 804 3055 1.
821 3005 928 3054 maricae
943 3007 1171 3069 monstenem
1188 3019 1236 3053 ore·

629 3122 735 3173 Nouia

164 3225 186 3254 ¹
203 3221 306 3270 crodos
324 3201 532 3285 bm1qunl
551 3227 667 3271 terreret
706 3217 824 3270 diceres:
843 3219 952 3279 mear
969 3231 1124 3268 mamm.
1137 3229 1183 3264 sos
1198 3231 1236 3264 eo-

133 3292 205 3344 ‘illis
215 3295 395 3346 metuentibus
406 3294 543 3359 Gangem
560 3303 589 3345 ut
606 3310 666 3346 mox
704 3301 770 3345 actor
779 3296 955 3346 transiliens
966 3309 1012 3343 aoa
1023 3299 1110 3350 minen,
1120 3295 1161 3354 de.
1184 3289 1236 3340 Sed

132 3371 279 3434 eabjangit,
289 3380 318 3422 ιι
334 3387 415 3435 sopra
430 3374 556 3434 mrmrit,
572 3387 631 3436 esp.
641 3378 665 3423 ι.
706 3370 1089 3432 potinloredsmerratomesse
1102 3367 1184 3416 Curtii
1194 3368 1236 3416 rel

132 3460 163 3496 se
172 3462 210 3496 rae
220 3447 351 3512 Hypasisa
365 3447 468 3510 quidem
483 3448 594 3496 transire
608 3448 666 3498 cod·
706 3445 870 3494 librariornm
884 3453 966 3506 certa,
988 3443 1031 3507 qui
1053 3441 1163 3503 Gangara
1187 3455 1236 3506 pro

131 3529 218 3584 gent.
250 3522 337 3571 Aliter
350 3522 393 3571 alii
409 3524 475 3571 banc
489 3522 669 3583 ὸιηωλυγίν
708 3517 769 3566 Indo
782 3519 945 3580 scripserint.

132 3600 230 3648 tollere
246 3607 380 3662 satagunt.
412 3597 558 3648 Glareanus
579 3599 666 3662 legeo-
739 3601 751 3627 ¹¹
770 3595 848 3644 Extra
858 3593 948 3658 siden]
964 3593 1115 3658 Hyperbole
1126 3594 1189 3643 satie
1202 3594 1237 3643 ri·

133 3671 196 3722 darn
223 3675 333 3724 suadet:
365 3679 471 3725 eosdm
497 3676 667 3740 smerdem,
707 3668 811 3721 diouln:
829 3669 957 3735 quomodo
973 3672 1041 3721 enim
1060 3678 1134 3720 estre
1149 3669 1236 3718 sidera
1326 3705 1329 3712 .

125 3747 316 3800 Alexandrum
347 3751 469 3802 scilicet:
497 3753 668 3813 immittere,
705 3747 837 3810 solemque
850 3746 1013 3796 traherentur
1030 3747 1061 3796 ad
1079 3745 1236 3807 ‘caliginem

128 3823 255 3888 isquam,
281 3823 309 3872 id
336 3830 388 3884 est,
402 3826 603 3888 irrumare,
629 3826 667 3876 air
706 3823 888 3882 msenetrus:
904 3822 948 3886 qui
967 3822 1000 3871 ad
1018 3820 1238 3870 locaaoliviciai·

129 3896 337 3946 Freinshemius.
362 3898 440 3948 Quod
459 3899 563 3964 quidem
577 3900 668 3950 Curtio
707 3897 954 3959 orsproecderent?

128 3972 278 4033 insolitum,
291 3980 319 4022 et
329 3973 379 4029 boc
393 3973 450 4023 loco
466 3975 607 4024 violentum
618 3983 666 4025 est.
738 3979 751 4004 ⁰
762 3973 792 4021 ln
803 3972 897 4035 orbor]
909 3974 974 4024 Qum
985 3971 1081 4021 idcirco
1093 3970 1236 4021 immobiles

130 4046 257 4096 Raderns
278 4047 376 4110 adjacit
392 4047 478 4110 initio,
503 4062 550 4097 sos
576 4050 669 4112 qaidm
708 4046 1235 4112 torpere-nunquiapropterlonginquita·

131 4121 262 4186 engen,
278 4124 320 4184 dre.
352 4122 404 4172 Sed
422 4138 475 4186 qus
490 4124 593 4188 damam
607 4139 668 4176 arc·
708 4121 962 4186 tempertiugeread
981 4135 1025 4170 ess
1044 4130 1235 4184 nsqnouatnrae

127 4197 265 4247 scritate?
292 4197 352 4246 Hoc
363 4195 466 4262 quidem
478 4198 556 4248 modo
566 4197 668 4248 facilins
708 4199 744 4247 vis
753 4198 805 4263 jem
817 4197 927 4250 debilior
938 4210 988 4247 non
1001 4197 1095 4260 potnit.
