3025 4892
268 311 333 376 656
478 327 513 388 c.
536 325 665 376 curru
692 325 780 375 ruri
804 325 879 373 cru.
902 325 985 373 vrrr.
1010 327 1091 375 cnr.
1113 309 1167 376 13.

270 469 381 555 ipsum
403 462 575 536 cohortem
597 476 673 535 unte
703 467 737 536 id
768 468 1012 534 tubernaculum
1040 477 1143 545 sture,
1166 475 1202 531 et
1230 485 1364 532 omnem

271 577 470 656 apparatum
493 571 595 653 regie
612 569 881 652 magnificentius,
900 569 1047 634 bostium
1064 569 1178 633 oculis·
1192 567 1234 632 de
1248 567 1364 632 indus·

270 672 334 736 tria
347 669 498 738 ostendi!
539 670 594 734 21.
616 669 779 750 Attalum,
794 678 830 742 et
845 670 1010 753 oequulem
1037 670 1115 748 sibi,
1130 678 1164 733 et
1187 668 1276 733 huod
1294 666 1365 732 dis.

269 791 384 855 purum
399 773 513 838 habitu
527 773 596 838 oris
616 779 650 836 et
674 772 838 856 corporis,
862 774 976 855 utique
995 790 1073 836 cum
1086 765 1220 854 proculi
1241 770 1365 834 visere-

270 877 332 950 tur,
350 880 441 939 veste
463 874 553 958 regin
567 879 720 952 exornet,
734 870 976 957 praebitmcmi
1008 872 1155 956 speciem
1176 870 1288 954 ipsum
1310 890 1363 934 re·

268 992 342 1056 gem
356 974 406 1038 illi
422 975 505 1058 ripae
519 975 712 1058 praesidere,
734 994 797 1040 nec
819 975 944 1056 agitare
959 973 1002 1036 de
1017 973 1170 1037 transitu.
1213 973 1266 1036 22.
1291 972 1366 1036 Hu-

174 1133 178 1138 .
263 1076 322 1159 jus
352 1076 484 1140 consilii
517 1076 674 1142 effectum
703 1076 811 1157 primo
836 1080 965 1138 moratu
988 1081 1171 1157 tempestus
1194 1078 1258 1150 est,
1281 1089 1364 1138 mox

270 1175 419 1258 adJuvit:
447 1176 661 1243 incommodo
689 1193 824 1258 quoque
852 1174 897 1240 nd
922 1167 1029 1240 b'onos
1052 1180 1191 1239 eventus
1221 1180 1365 1239 vertente

269 1275 409 1342 fortuna.
452 1277 504 1342 23.
543 1276 736 1360 Trujicerc‘
772 1295 903 1342 amnem
933 1297 1010 1342 cum
1038 1276 1159 1341 ceteris
1189 1275 1299 1357 copiis
1329 1277 1366 1339 iu

269 1377 441 1460 regionem
455 1378 588 1456 insulse,
603 1376 646 1442 de
661 1395 728 1458 qua
753 1377 978 1443 antedictum
996 1383 1061 1454 est,
1076 1375 1230 1458 pnrubut,
1245 1394 1365 1442 averso

270 1476 366 1542 boeto
394 1478 428 1540 in
454 1496 526 1556 eos,
551 1477 712 1561 quicum
736 1476 924 1542 Ptolemreo
948 1478 1135 1543 inferiorern
1160 1477 1366 1542 obsederunt

273 1578 400 1660 ripum:
423 1597 499 1642 cum
515 1577 664 1662 procella
676 1579 828 1657 imbrem,
848 1579 909 1644 vix
935 1580 1000 1646 sub
1024 1579 1124 1644 tectis
1142 1578 1364 1657 tolerabilem,

272 1677 410 1744 effudit:
447 1679 625 1762 obrutique
654 1679 778 1744 milites
806 1681 920 1745 nimbo
947 1681 982 1746 in
1018 1686 1141 1744 terrum
1167 1679 1364 1762 refugerunt,

271 1781 414 1864 navigiis
436 1781 630 1862 ratibusque
655 1778 817 1845 desertis:
850 1781 907 1845 24.
929 1780 992 1846 scd
1008 1779 1279 1846 tumultuantium
1300 1779 1365 1844 sre·
1444 1827 1449 1834 .

271 1881 384 1959 mitus,
399 1881 670 1965 obstrepentibus
697 1882 819 1961 ventis,
835 1883 880 1948 ab
894 1882 992 1947 hoste
1005 1900 1073 1946 nou
1094 1889 1228 1964 poterut
1241 1882 1364 1946 audiri.

204 2064 207 2070 ‚
273 1981 406 2046 Deinde
434 1987 600 2046 momento
624 1983 785 2065 temporis
811 2001 982 2066 repressus
1004 1987 1056 2048 est
1077 1983 1191 2060 imber,
1218 1990 1364 2048 ceterum

273 2082 360 2146 adeo
376 2083 498 2164 spissus
524 2082 691 2146 intendere
707 2101 744 2146 se
760 2082 877 2160 nubes,
900 2089 941 2147 ut
954 2081 1137 2148 conderent
1149 2083 1275 2159 lucem,
1289 2084 1364 2148 rix·

274 2203 338 2267 que
369 2183 634 2266 colloquentium
663 2185 750 2248 inter
778 2185 873 2267 ipsos
903 2184 1009 2249 iacies
1038 2183 1266 2249 noscituretur.
1308 2187 1363 2250 25.

272 2285 458 2350 Terruisset
486 2283 589 2348 alium
611 2284 761 2350 obductu
789 2303 859 2350 nox
885 2286 986 2362 coelu,
1015 2303 1092 2350 cum
1122 2285 1237 2368 ignoto
1267 2303 1363 2349 smne

272 2383 496 2469 navigandum
518 2391 620 2463 esset,
632 2386 773 2452 forsitan
795 2385 890 2452 hoste
904 2405 980 2452 eum
1005 2388 1114 2469 ipsum
1130 2385 1249 2466 ripum,
1263 2405 1365 2468 quam

275 2486 359 2552 caeoi
375 2492 475 2568 utque
498 2485 677 2570 improvidi
697 2494 734 2552 et
758 2507 803 2553 ex
822 2487 970 2572 periculo
991 2488 1127 2571 glorium
1150 2494 1365 2552 accersentes

305 2673 319 2707 ¹
334 2665 473 2718 semem.

730 2763 907 2786 ΙΜΝΜΟΟ

274 2881 329 2926 ests
340 2876 523 2940 tubernaculum,
535 2877 628 2927 omisso
639 2877 673 2926 id.
705 2877 781 2928 Voss.
789 2883 815 2929 2.
824 2879 881 2930 Etr.
891 2885 918 2929 et
928 2881 961 2929 sl.
972 2879 1146 2929 suendis—tl
1166 2879 1279 2929 Florent.
1291 2880 1364 2931 Leid.

275 2939 350 2989 Voss.
361 2944 384 2990 l.
393 2944 417 2990 t.
433 2941 517 3004 Boog.
528 2950 555 2990 et
567 2942 621 2991 Elr.
631 2944 703 2990 etium
713 2943 840 3004 equiem,-
859 2942 919 2992 Ald.
931 2943 1012 2992 colio.
1023 2943 1124 3007 Grypb.
1136 2943 1212 2993 Frob.
1225 2944 1291 2992 Mer.
1303 2945 1365 2993 ltus.

274 3010 301 3050 et
313 3003 368 3052 Col.
379 3009 403 3053 et
413 3007 598 3067 equalem-22
614 3006 689 3055 Voss.
698 3010 723 3056 2.
738 3012 862 3069 tmpestas
872 3013 963 3055 moratu
973 3014 1017 3057 est.
1051 3007 1119 3056 Mer.
1130 3010 1209 3056 eudes·
1220 3007 1366 3055 incommoda

274 3069 564 3180 mitti
575 3067 1201 3194 ri‘istbmtltmslni
1221 3078 1248 3120 ⁰²
1266 3071 1365 3182 iil·

274 3207 334 3254 gens
343 3195 449 3244 imbrem.
481 3147 595 3244 storius.
607 3147 683 3247 iem.
694 3197 771 3247 Voss.
782 3169 844 3247 1.'et
858 3149 940 3260 mig.
953 3203 976 3248 1.
987 3203 1011 3248 2.
1026 3171 1129 3261 effendit
1137 3215 1147 3256 ,·
1172 3150 1366 3257 ppwfflp,

275 3257 345 3306 Pith.
355 3261 381 3308 is
392 3263 457 3308 terra
467 3260 614 3320 refugerunt.
647 3260 717 3309 Pitlr.
726 3261 818 3309 rutilus
828 3263 935 3312 desertis
960 3262 1027 3311 Edd.
1038 3277 1127 3312 omnes
1138 3268 1199 3311 unte
1211 3262 1365 3312 Schmiedrr.

275 3321 458 3386 obstrepentibus
468 3321 543 3386 ripis-
566 3331 594 3372 et
611 3322 647 3372 sic
664 3325 742 3373 etiarn
754 3325 828 3373 multi
846 3325 921 3373 codd.
940 3325 985 3375 sed
1005 3327 1119 3375 Floreut.
1130 3326 1203 3375 bein.
1216 3325 1289 3374 Voss.
1302 3332 1324 3375 l.
1340 3329 1366 3376 2.

278 3385 392 3449 aliusque
409 3400 473 3436 uuus
488 3401 545 3436 cnm
565 3387 638 3437 Mod.
650 3387 835 3450 obstrepentibus
850 3391 998 3438 sentin-24
1015 3391 1089 3440 Voss.
1101 3394 1126 3438 2.
1141 3391 1365 3452 spissoeiscsssitss

277 3447 357 3497 sudes.
385 3451 467 3511 Boou.
478 3456 502 3500 l.
515 3451 668 3514 emittitque
681 3460 739 3514 post
748 3453 799 3502 cix.
832 3452 1106 3515 Pitinoruittitsuciss.
1136 3455 1248 3502 vossi.
1264 3452 1365 3500 souitu-

277 3517 431 3562 renus-rs
451 3515 525 3564 Voss.
536 3516 634 3565 sucre
643 3521 721 3566 tossen
731 3517 815 3579 ipsust.
849 3517 933 3581 Bous.
945 3521 968 3566 1.
979 3531 1058 3581 suprs
1067 3518 1144 3581 rtposr
1154 3517 1278 3580 scriptum
1286 3517 1365 3566 bsbet

771 3667 879 3718 NO'l’AE

309 3777 317 3810 ¹
334 3777 393 3826 curn
407 3776 498 3840 mut]
519 3777 615 3827 Mirum
635 3791 696 3828 uero
714 3777 734 3828 si
753 3793 803 3844 qus
871 3781 1071 3845 remoturus]
1081 3782 1118 3833 Ut
1128 3781 1233 3831 Atreius
1243 3781 1280 3831 sio
1291 3795 1367 3832 orus·

276 3851 415 3922 similitudo
424 3853 491 3902 inter
499 3860 637 3920 utrumque
647 3856 698 3905 oris
707 3863 735 3906 et
746 3871 802 3907 cor·
842 3859 883 3904 tus
902 3857 1064 3922 stipatusque
1085 3871 1134 3920 pro
1157 3870 1217 3922 rege
1240 3856 1273 3906 ub
1292 3856 1365 3908 Indis

278 3929 349 3991 poris
364 3927 449 3977 notari
468 3929 499 3978 sb
518 3930 549 3979 iis
564 3933 802 3997 poterut,quiqus·
841 3931 930 3994 procul
950 3931 1134 3996 sspicientibcs
1155 3930 1301 3993 hebetetur,
1322 3933 1368 3996 qui

278 4009 338 4051 tuor
348 4003 449 4066 studiis,
459 4005 506 4055 boc
515 4013 555 4056 ert
566 4008 711 4072 quingentis
721 4009 801 4072 passi·
840 4004 905 4069 riprs
923 4006 1063 4070 praesidens
1077 4005 1140 4056 nihil
1159 4005 1191 4058 de
1204 4005 1313 4057 transitu
1325 4021 1369 4057 co-

277 4078 326 4127 bus
336 4077 461 4140 cherson
472 4094 548 4144 quum
558 4079 627 4132 durii
638 4083 801 4134 latitudinem
840 4082 945 4146 giraret.

278 4166 335 4204 esre
346 4154 539 4219 supradixerst.
