3025 4892
349 417 385 477 o·
410 415 541 465 ouarrr
566 416 658 466 auri
684 417 756 466 nra.
778 419 817 466 x.
839 420 923 471 oar.
946 407 979 470 4.
1143 409 1209 474 755

111 556 267 633 pauciores
293 553 398 616 decem
419 555 559 629 millibus,
581 556 662 618 circa
684 559 796 637 regium
821 560 1044 620 tabernaculum
1066 565 1205 624 excubias

113 667 199 728 agere
207 651 309 729 jussit.
354 654 403 711 15.
425 651 501 711 Haec
524 653 625 731 agenti
649 653 811 714 Peucestes
832 657 1002 734 supervenit
1025 677 1092 718 oum
1105 659 1209 740 viginti

113 745 331 823 sagittariorum
344 746 585 826 funditorumque
600 747 740 821 millibus,
752 768 829 828 quos
849 769 886 811 ex
901 769 956 810 sua
968 753 1120 832 provincia
1140 757 1208 816 coii-

115 853 212 918 gerat:
233 842 282 902 his
295 861 349 922 per
368 845 529 904 exercitum
546 843 710 905 distributis
731 847 882 924 proiectus
897 858 944 906 est
962 848 1057 921 Susis,
1071 849 1209 929 'l'ign'que

115 956 196 998 amne
205 939 394 1013 manumisso,
408 940 489 1020 apud
505 939 635 1000 Carrhas
645 953 872 1002 castrametatus
883 951 948 1011 estr
970 943 1039 1004 inde
1053 945 1209 1023 quatriduo

116 1051 162 1110 per
173 1033 360 1096 Sittacenem
373 1036 472 1096 ductis
494 1036 587 1114 copiis
604 1037 755 1096 Sambana
774 1037 937 1116 processit:
959 1039 1008 1098 ubi
1030 1059 1080 1118 per
1095 1051 1209 1119 septem

117 1127 174 1188 dies
190 1131 329 1208 quietum
350 1150 456 1212 agmen
483 1133 588 1193 tenuit.
634 1132 681 1191 16.
705 1129 807 1190 Tridui
832 1129 940 1191 deiude
964 1134 1066 1194 itinere
1087 1153 1209 1196 emanso

118 1224 242 1285 Celonas
270 1236 443 1304 perventum
466 1237 531 1288 est:
560 1227 702 1307 oppidum
727 1227 785 1287 hoc
809 1239 913 1288 tenent
933 1227 1049 1289 Bmotia
1075 1232 1209 1308 profecti,

117 1337 183 1396 qnos
203 1323 322 1382 Xerxes
346 1323 467 1383 sedibus
482 1323 545 1382 suis
559 1323 674 1383 excitos
696 1322 727 1380 iu
743 1322 896 1382 Orientem
916 1323 1086 1384 transtulit:
1109 1345 1209 1387 serva·

117 1416 243 1496 bantque
257 1428 461 1495 argumentum
483 1418 604 1497 originis
628 1418 771 1498 peculiari
792 1437 939 1490 sermone,
958 1439 995 1478 ex
1017 1419 1131 1481 Graecis
1145 1422 1213 1501 plen

118 1530 235 1590 rumque
250 1514 373 1574 vocibus
393 1524 568 1581 constante:
590 1525 719 1575 ceterum
733 1515 772 1574 ob
792 1515 1030 1575 commerciorum
1048 1521 1209 1578 necessita-

118 1616 169 1665 tem
180 1609 375 1668 finitimorum
388 1609 578 1669 barbarorum
597 1609 701 1688 lingua
723 1611 901 1670 utebantur.¹
947 1613 994 1670 17.
1017 1611 1091 1672 lude
1105 1612 1211 1692 Bagis·

117 1712 208 1762 umen
230 1703 386 1782 ingressus
402 1715 460 1775 est,
473 1705 626 1782 regionem
647 1703 830 1782 opulentam,
852 1715 883 1764 et
904 1705 1103 1768 abundantem
1126 1713 1210 1770 arbo·

118 1820 174 1860 rum
186 1821 307 1862 amoeno
321 1814 353 1862 et
365 1801 503 1862 lmcuudo
516 1802 599 1873 ioetu,
613 1801 777 1879 ceterisque
793 1801 832 1862 ad
845 1803 914 1862 ritae
929 1823 988 1863 non
1009 1823 1095 1864 usum
1109 1807 1208 1879 modo,

118 1897 317 1957 verumetiam
336 1896 563 1957 delectationem
586 1897 810 1977 pertinentibus.
853 1901 902 1959 18.
923 1899 1029 1960 Gravis
1048 1901 1125 1960 inter
1142 1901 1208 1962 hmo

120 1991 236 2052 Eumeni
257 2013 325 2053 oum
341 1991 554 2073 Hephaestione
578 1994 712 2053 simultas
736 1994 890 2055 inciderat.
932 1995 1010 2055 Nam
1034 2015 1134 2057 servos
1149 1997 1211 2056 Eu·

119 2090 204 2147 menia
229 2087 404 2160 diversorio,
427 2087 505 2168 quod
529 2107 583 2168 pro
608 2088 680 2148 hero
703 2107 759 2149 suo
786 2099 1006 2170 antecaperant,
1034 2092 1209 2172 Hephaestio

119 2183 307 2258 proturbavit,
320 2193 355 2241 ut
369 2182 460 2242 Euius
480 2182 590 2242 tibicen
606 2203 643 2242 eo
667 2185 865 2264 reciperetur:
895 2188 938 2246 19.
954 2207 1050 2266 neque
1064 2188 1115 2248 diu
1129 2199 1207 2268 post,

118 2295 179 2336 cum
195 2279 261 2357 jam
283 2278 382 2357 sopita
405 2277 477 2337 odia
494 2278 673 2351 riderentur,
692 2299 770 2340 nora
795 2293 898 2342 exorta
918 2283 1107 2343 contentione
1132 2283 1208 2344 adeo

118 2373 338 2446 recruduerunt,
356 2385 390 2433 ut
402 2373 492 2434 etiam
504 2374 535 2432 in
549 2383 634 2433 atrox
652 2375 793 2454 jurgium,
806 2386 837 2434 et
853 2377 958 2435 acerba
978 2376 1124 2455 utrimque
1138 2397 1209 2437 con-

119 2468 187 2528 vicia
205 2480 444 2549 prorumperent.
486 2472 537 2529 20.
560 2470 621 2529 Sed
648 2470 809 2531 Alexandri
836 2471 1002 2533 interventu
1029 2472 1209 2551 imperioque

119 2563 275 2625 inimicitie
302 2565 407 2625 saltem
434 2567 465 2625 in
490 2567 620 2647 speciem
652 2567 771 2626 abolitae
793 2578 882 2627 suut:
912 2587 980 2627 curn
1011 2566 1061 2628 ille
1087 2567 1209 2647 quidem

120 2656 323 2737 Hephaestioni
351 2661 440 2720 etiam
466 2663 595 2721 minatus
622 2673 713 2733 esset,
742 2661 792 2753 qui
819 2662 849 2721 iu
877 2661 1107 2741 flagrantissima
1132 2667 1208 2743 regis

120 2757 209 2829 gratia
234 2757 366 2835 positus,
394 2777 565 2836 quanquam
592 2758 733 2837 cupidum
766 2758 1011 2820 reconciliationis
1038 2760 1210 2833 Eumenem,

117 2852 293 2924 pertinacius
316 2853 536 2913 aversabatur?
576 2855 627 2913 21.
649 2853 826 2914 Perventum
852 2854 959 2914 deinde
978 2866 1025 2915 est
1048 2857 1078 2915 in
1100 2856 1209 2917 Medica

119 2960 236 3024 campos
259 2946 310 3006 ubi
327 2947 458 3006 maxima
479 2965 622 3025 equorum
646 2959 779 3009 armenta
804 2951 1010 3029 pascebantur.
1051 2952 1212 3013 ‘Nisaeos'

118 3040 277 3118 appellant,
296 3041 501 3120 magnitudine
521 3055 552 3102 et
575 3044 673 3123 specie
693 3045 836 3123 insignes.
878 3047 974 3125 Supra
995 3049 1210 3128 quinquaginta

119 3135 209 3196 millia
230 3138 270 3195 ibi
294 3147 420 3215 reperta,
433 3157 503 3197 cum
524 3136 693 3198 Alexander
706 3157 743 3198 ea
756 3141 906 3212 transiret,
921 3159 939 3200 a
952 3143 1108 3204 comitibus
1129 3143 1209 3203 illius

118 3241 288 3291 annotatum
303 3246 369 3292 est:
392 3233 462 3292 olim
476 3233 564 3312 triplo
582 3234 681 3314 plures
701 3235 812 3303 fuisse3
834 3236 888 3296 sed
903 3237 979 3296 inter
991 3238 1136 3298 bellorum
1151 3250 1211 3298 tur·

118 3326 169 3384 bas
181 3329 340 3386 maximam
356 3345 456 3387 aarum
476 3340 591 3409 partem
611 3330 769 3410 proedones
791 3332 951 3410 abegisse?
992 3335 1042 3391 22.
1063 3333 1110 3392 Ad
1133 3334 1211 3393 ttri-

118 3423 198 3498 ginta
211 3422 276 3481 dies
290 3423 333 3482 ibi
354 3423 486 3484 substitit
507 3444 577 3485 rex:
598 3445 635 3485 eo
655 3428 813 3507 Atropates
828 3427 937 3488 Mediae
960 3437 1078 3504 satrapa
1091 3437 1216 3488 cantum·

116 3517 254 3576 barbaras
278 3518 415 3577 mulieres
439 3502 575 3592 adduxit,
588 3520 741 3598 equitandi
762 3522 882 3598 peritas,
895 3520 1040 3599 peltisque
1053 3533 1084 3582 et
1102 3524 1210 3584 securi·

117 3614 172 3672 bus
185 3625 335 3673 minatae:
355 3614 435 3674 uude
457 3615 576 3694 quidem
598 3615 788 3676 crediderunt
800 3617 981 3676 Amazonum
994 3637 1031 3677 ex
1045 3631 1133 3698 genta
1147 3621 1212 3680 reli·

116 3709 199 3786 qnias
210 3710 312 3770 fuisse.
354 3711 404 3770 23.
426 3709 565 3788 Septimia
580 3711 688 3773 deinde
699 3713 804 3774 castris
817 3714 969 3774 Ecbatana
983 3715 1090 3794 attigit,
1101 3714 1209 3778 Media

146 3931 313 3984 'Athacum
329 3938 426 3984 xant.
451 3934 645 3988 Dtooomvn.
686 3945 976 3991 lto.vn.t⁰.rx.12t).
1005 3941 1210 3992 santollum.

116 4013 171 4059 no.
198 4010 306 4058 Arsino.
316 4023 368 4059 vn.
378 4015 405 4059 4.
415 4014 457 4060 25.
684 4015 792 4064 Diodor.
806 4027 877 4064 xvir.
889 4021 944 4065 tto.
976 4015 1076 4066 Arrisu.
1087 4031 1137 4067 vn.
1148 4021 1172 4066 t.
1186 4023 1208 4066 1.

144 4084 311 4134 ’Arrianus
337 4098 390 4136 vu.
417 4090 443 4135 t.
475 4091 514 4138 lo.
541 4088 644 4140 Plutsr·
716 4091 932 4143 tDiodor.xv11.
950 4094 1006 4142 11⁰.
1039 4091 1143 4146 Arrisn.
1160 4108 1210 4144 vn.

115 4161 307 4212 cbmldumene
317 4175 377 4225 cap.
389 4167 428 4212 ta.
684 4169 707 4217 ⁸.
717 4170 742 4218 2.

146 4247 159 4272 ·
174 4239 284 4290 Atrion.
301 4251 351 4288 arr.
372 4242 398 4288 t.
409 4243 432 4288 l.
461 4239 589 4293 Herodot.
600 4254 645 4293 ιιι.
