3025 4892
274 391 340 457 684
504 409 538 468 o.
560 403 691 455 ouuurr
716 401 807 453 surr
832 400 904 450 arr.
929 399 983 450 rx.
1006 401 1087 450 our.
1107 384 1142 449 3.

278 549 388 612 vimus
410 548 547 614 uultum.
590 550 645 614 ll.
664 546 902 630 Quotoouique
924 545 1030 610 lorica
1052 545 1127 608 esti
1150 543 1227 627 quis
1248 561 1372 626 equum

278 646 408 713 lrabat'l
425 649 510 734 jube
525 650 641 734 quaeri,
664 669 766 734 quam
786 649 910 714 multos
926 648 1014 712 servi
1038 649 1188 728 ipsorum
1203 646 1373 729 persecuti

278 756 375 830 suut3
397 751 478 834 quid
491 754 615 836 unique
634 749 783 836 supersit
802 771 846 816 ex
870 749 997 834 praeda.
1041 746 1197 810 Omnium
1212 747 1372 821 victores,

277 853 423 916 omnium
433 850 574 936 iuopeod
596 873 722 918 snmus.
753 853 829 918 Nec
843 851 980 918 luxuria
994 851 1196 924 laboramus,
1211 845 1268 910 sed
1282 846 1373 911 bello

276 953 509 1017 iustrumenta⁸
529 953 608 1018 belli
631 953 885 1018 consumsimus
929 953 983 1017 12.
1007 951 1110 1015 Huuu
1134 955 1168 1014 tu
1195 947 1374 1032 pulcherri-

276 1071 367 1116 mum
382 1053 564 1118 exereitum
577 1054 702 1118 nudum
717 1053 860 1136 objicies
875 1053 1023 1119 belluis?
1048 1069 1187 1134 quarum
1205 1057 1244 1112 ut
1258 1048 1373 1112 multi·

277 1153 423 1217 tudinem
437 1162 583 1236 augeant
598 1155 641 1220 ‹le
655 1154 821 1223 industria
836 1153 983 1231 barbari,
999 1171 1152 1236 maguum
1167 1159 1280 1214 tamen
1295 1168 1374 1214 esse

277 1269 464 1331 numerum,
479 1254 581 1318 etiam
595 1274 639 1319 ex
654 1255 833 1319 mendacio
849 1254 1006 1337 intelligo.
1033 1253 1089 1318 13.
1106 1252 1206 1331 Quod
1216 1253 1245 1316 si
1261 1251 1372 1316 adhuc

277 1359 450 1437 penetrare
464 1357 499 1419 iu
513 1355 645 1421 Indiam
657 1363 781 1420 certum
793 1361 852 1433 ost,
863 1357 952 1438 regio
963 1375 985 1420 a
996 1353 1136 1419 Meridie
1152 1355 1259 1416 miuus
1275 1359 1373 1417 vasta

275 1460 348 1518 est:
363 1474 431 1537 qua
445 1457 588 1520 subsuta
598 1456 714 1521 licebit
722 1455 896 1520 decurrere
907 1456 942 1519 iu
956 1455 1038 1519 illud
1054 1471 1157 1531 mare,
1168 1452 1255 1536 quod
1267 1454 1370 1517 rebus

276 1553 432 1618 humanis
449 1555 624 1620 terminum
645 1555 752 1621 voluit
771 1575 847 1619 esse
866 1563 994 1620 natura.
1039 1557 1090 1618 14.
1117 1555 1183 1620 Cur
1198 1553 1371 1619 circumitu

278 1654 367 1736 petis
380 1655 532 1737 gloriam,
547 1675 624 1739 quae
647 1655 692 1721 ad
713 1675 850 1722 manum
868 1657 985 1738 posita
999 1657 1077 1720 esti
1098 1656 1152 1721 lrio
1167 1673 1299 1739 qnoque
1312 1674 1373 1718 oe·

278 1754 378 1819 currit
406 1754 583 1821 Oceanus:
605 1757 670 1821 uisi
691 1757 800 1820 mavis
830 1775 947 1833 errare,
974 1757 1198 1840 pervenimus,
1220 1774 1286 1840 quo
1309 1760 1373 1818 tna

275 1854 409 1922 somnne
423 1857 528 1922 ducit.
554 1859 608 1923 15.
623 1857 714 1922 Haeo
728 1864 854 1932 tecum,
864 1875 964 1939 quam
975 1857 1046 1921 siue
1061 1861 1092 1920 te
1107 1875 1184 1922 oum
1197 1856 1262 1932 his,
1273 1855 1369 1939 loqui

276 1958 402 2038 malui3
423 1979 488 2023 nou
498 1961 547 2025 uti
561 1960 678 2025 inirem
693 1959 942 2024 circumstantis
957 1959 1124 2023 exercitus
1140 1959 1289 2041 gratiam
1306 1957 1370 2022 sed

278 2064 315 2122 ut
344 2077 461 2123 vocem
488 2060 696 2144 loquentium
726 2062 853 2143 potius,
882 2079 984 2143 quam
1014 2058 1078 2144 [ut]
1102 2061 1257 2143 gemitum
1282 2077 1372 2122 mur·

277 2161 477 2224 morantium
493 2160 648 2225 audires?
691 2160 744 2224 16.
767 2159 816 2225 Ut
837 2159 937 2224 tinem
957 2161 1099 2224 orationi
1115 2159 1240 2224 Coeuus
1262 2160 1373 2242 impo-

280 2260 358 2338 suit,
373 2261 501 2326 clamor
515 2264 662 2346 undique
677 2281 755 2326 uum
782 2261 916 2345 ploratu
930 2263 1047 2338 oritur,
1075 2273 1217 2344 ‘regem
1232 2270 1373 2345 patrem,

278 2360 473 2440 domiuum,'
487 2365 639 2428 confusis
651 2363 895 2448 appellantium
911 2364 1058 2430 vocibus.
1103 2363 1156 2428 17.
1180 2362 1324 2445 Jamque
1338 2368 1374 2427 ot

278 2460 337 2525 alii
351 2461 456 2528 duces
470 2467 707 2549 precipueque
720 2465 877 2544 seniores,
893 2465 969 2548 quis
981 2466 1025 2528 ob
1041 2471 1173 2528 relatam
1185 2470 1219 2527 et
1229 2481 1373 2526 excusa·

279 2561 327 2624 tio
343 2563 511 2630 honestior
524 2573 608 2644 erat,
624 2573 658 2631 et
672 2568 856 2632 auotoritas
874 2567 992 2650 major,
1009 2567 1123 2631 eadem
1138 2565 1372 2650 precabantur.

279 2660 333 2726 18.
357 2663 419 2728 lllo
443 2685 505 2730 uec
530 2668 693 2750 castigare
708 2667 903 2743 obstinatos,
920 2688 982 2733 uec
997 2668 1149 2752 mitigare
1164 2670 1292 2749 poterat
1307 2665 1373 2728 ira⁴

279 2771 354 2827 tos:
377 2765 494 2848 itaque
518 2767 617 2850 inops
630 2768 765 2832 consilii
790 2767 928 2833 desiluit
950 2788 969 2833 e
992 2769 1145 2832 tribunali
1168 2766 1370 2848 ‘claudique

278 2863 424 2946 regiam'
444 2866 560 2951 jussit,
574 2871 739 2948 omuibus,
753 2879 876 2954 praeter
891 2877 1057 2947 assuetos,
1072 2869 1163 2936 adire
1180 2865 1371 2952 prohibitis.

733 3039 911 3062 ”enmono

279 3129 355 3182 Voss.
367 3136 389 3182 l.
404 3134 433 3183 V.
446 3134 477 3183 P.
487 3136 563 3185 iudai.
595 3139 672 3188 Vuis.
690 3143 714 3190 i.
732 3147 761 3189 et
777 3137 848 3192 Pith.
866 3142 892 3190 ia
906 3143 1108 3190 exuam-ll
1127 3139 1241 3189 Florent.
1256 3145 1284 3187 et
1296 3137 1372 3188 Leid.

278 3198 448 3260 ΜΜΜ
465 3200 540 3252 Vm·
550 3203 624 3250 Mi
639 3203 882 3268 momnis-12
897 3204 1012 3254 Floreat.
1033 3203 1105 3254 Harae
1121 3207 1162 3262 ας
1178 3201 1252 3251 Voss.
1263 3205 1287 3250 2.
1300 3201 1374 3251 Nm

278 3263 364 3318 tumr
385 3261 591 3314 Pitumnus.
624 3265 697 3316 Leid.
710 3275 738 3315 et
750 3268 824 3317 Voss.
842 3271 867 3316 1.
884 3267 969 3317 elicies
988 3267 1070 3318 istuis.
1103 3267 1178 3315 Voss.
1189 3269 1373 3316 amima.

278 3323 353 3372 Iaeid.
365 3325 440 3374 Voss.
450 3329 473 3374 1.
484 3328 554 3378 Dan.
565 3337 594 3377 et
604 3328 685 3393 Boug.
697 3333 720 3378 l.
731 3345 762 3380 ex
771 3346 803 3380 aa.
814 3331 995 3392 intellige-it
1013 3332 1086 3380 Voss.
1098 3334 1123 3380 Ξ.
1132 3333 1255 3392 penetrare
1265 3327 1373 3392 ludim,

278 3387 371 3436 omisso
379 3389 413 3440 is.
444 3390 513 3440 Mer.
524 3397 618 3441 enode
631 3399 675 3444 est.
707 3394 1049 3458 von.a.qsamlnru.-1s
1066 3393 1139 3443 Mod.
1151 3393 1246 3441 omittit
1255 3391 1374 3454 positu.-

279 3454 309 3496 15
327 3451 442 3503 Floreut.
461 3455 533 3504 laeld.
544 3461 571 3504 et
581 3456 658 3506 Voss.
672 3461 694 3506 l.
706 3457 830 3507 omittunt
845 3463 872 3507 at
890 3466 950 3508 ente
963 3459 1152 3519 gemitu—16
1169 3457 1284 3504 Ploreut.
1295 3455 1371 3506 held.

278 3512 637 3581 voe.r.s.ssong.r.1³rru.
656 3520 714 3571 Pal.
731 3525 756 3571 1.
772 3523 842 3572 Dan.
858 3521 926 3570 Mer.
940 3523 1002 3571 Bas.
1014 3529 1042 3570 et
1052 3521 1108 3570 (lul.
1122 3521 1224 3576 Poeasrr
1236 3519 1332 3568 Faucia.
1344 3525 1373 3568 et

279 3575 364 3650 ⁸9⁰⁸·
375 3581 398 3626 l.
413 3579 499 3642 Pom,
509 3591 537 3630 et
548 3583 586 3631 eie
597 3589 764 3646 portem-1⁷
781 3585 856 3635 vora.
867 3589 892 3636 ².
901 3585 975 3649 praei
1028 3587 1069 3634 reri
1078 3585 1180 3634 uriom
1187 3598 1198 3640 ,·
1210 3582 1305 3632 Fauen.
1316 3596 1372 3644 reg·

276 3651 363 3691 nores.
395 3641 469 3692 Pith.
485 3645 538 3706 pris
550 3645 581 3694 ub
595 3651 741 3697 cim-le
757 3647 824 3698 Edd.
835 3655 900 3698 vett.
910 3649 1015 3699 daioelt
1023 3665 1034 3707 ,·
1052 3648 1128 3698 codd.
1147 3661 1208 3697 vero
1220 3654 1248 3696 et
1258 3645 1317 3695 edd.
1331 3659 1372 3695 re·

772 3807 881 3858 ΝΟΤΕ

309 3910 321 3944 ⁴
340 3910 804 3978 Ominisopesmuislrueuredatl
845 3927 911 3971 tent.
944 3921 1002 3971 Neu
1019 3928 1104 3972 tamen
1116 3933 1202 3970 omues
1214 3917 1279 3969 adeo
1291 3915 1372 3976 fuisse

279 3990 358 4039 Certe
385 3990 423 4039 liis
444 3990 575 4041 contraria
599 3993 713 4058 loquitur
735 3995 804 4058 apud
843 3993 1213 4060 opulenturapperetexlibri
1221 3999 1355 4057 ηυρλ.

279 4062 416 4113 Attianum
439 4065 489 4115 lroc
510 4065 568 4116 loeo
589 4067 696 4131 Cunus,
718 4083 803 4134 eoque
876 4069 1068 4133 quemme]
1079 4071 1215 4121 Nouanus
1224 4065 1371 4130 natumsed

277 4137 381 4186 numius
406 4139 563 4190 Macedonas
589 4151 707 4204 excuset,
733 4143 803 4208 quod
844 4145 1145 4212 pecuniam,eqnos,&u.
1296 4149 1301 4156 ’

278 4211 373 4263 diriter
383 4211 446 4267 freti
457 4216 566 4279 petrium
583 4215 723 4283 domosque
733 4219 803 4282 eupl-
