3025 4892
280 371 347 436 766
527 378 832 444 occasurum
860 381 931 430 cru.
958 382 996 430 x.
1022 381 1105 430 cnr.
1126 365 1158 430 6.

283 527 403 612 inquit,
423 527 618 604 ‘annulum
643 544 712 610 qno
726 526 783 590 ille
797 525 888 608 regni
904 531 1004 610 alque
1027 525 1157 608 imperii
1182 524 1297 588 vire'sb
1320 526 1379 589 ob·

282 633 413 714 aignme
421 637 494 694 erat
506 629 638 707 solitus,
652 626 812 692 traditum
827 627 870 690 ab
886 626 965 708 ipso
980 625 1072 702 milri,
1086 623 1190 689 reddo
1205 626 1316 690 robis.
1347 625 1379 690 6.

283 729 438 794 Ceterum
454 748 648 813 quanquam
661 725 752 792 nulla
767 725 883 791 clades
908 726 998 800 huic,
1027 745 1096 809 qua
1119 723 1229 790 affecti
1252 745 1379 804 sumus,

282 849 343 914 par
357 831 402 894 ab
416 831 511 895 iratis
526 829 604 894 Diis
623 828 806 910 excogitari
828 835 962 909 poteet3
984 833 1095 892 tamen
1117 826 1380 908 magnitudinem

281 938 402 1009 rerum,
416 951 504 1014 quas
518 931 598 1014 egit,
615 928 820 994 intuentibus
844 927 976 991 credere
1002 927 1094 1002 licet,
1120 932 1249 990 tentum
1271 927 1378 992 virum

283 1033 379 1096 Deos
404 1029 676 1096 accommodasse
705 1029 804 1092 rebus
827 1027 993 1104 humanis,
1019 1045 1160 1109 quarum
1183 1034 1271 1092 sorte
1291 1046 1380 1091 com·

283 1133 385 1217 plote,
396 1133 463 1196 cito
476 1136 664 1214 repeterent
677 1149 753 1194 enm
768 1148 840 1194 suae
849 1129 971 1210 stirpi·
1005 1129 1037 1192 7.
1050 1128 1206 1206 Proinde,
1220 1129 1380 1212 qnoniam

284 1233 368 1298 nihil
382 1232 473 1298 uliud
486 1251 532 1296 ex
545 1251 588 1296 eo
602 1235 766 1314 superest,
783 1248 885 1313 quam
907 1227 996 1312 quod
1021 1247 1155 1312 semper
1177 1230 1221 1294 ab
1246 1231 1380 1294 immor·

285 1333 434 1399 talitate‘
444 1332 665 1408 subducitur,l
678 1331 809 1414 corpori
823 1330 1016 1413 nominique
1024 1349 1122 1415 qnam
1131 1331 1274 1414 primum
1282 1329 1382 1414 juste

286 1435 475 1516 solvamus,
490 1434 582 1498 haud
596 1431 707 1509 obliti,
721 1433 754 1496 iu
768 1451 837 1515 qua
850 1433 943 1510 urbe,
959 1433 1041 1496 inter
1052 1450 1140 1514 quos
1154 1431 1271 1509 simus,
1285 1430 1381 1514 quali

285 1535 434 1620 praeside
445 1554 486 1600 ac
497 1554 576 1617 rege
590 1534 740 1616 spoliati.
762 1533 794 1598 8.
807 1533 1035 1600 Tractandum
1050 1539 1112 1608 est,
1125 1533 1381 1610 commilitones,

286 1634 573 1719 cogitandumque,
594 1643 634 1699 ut
654 1636 830 1700 victoriam
850 1642 982 1718 partum
1002 1635 1087 1698 iuter
1108 1634 1183 1710 hos,
1199 1634 1380 1715 dequibus

285 1744 382 1821 parta
395 1743 458 1814 eet,
470 1736 621 1801 obtinere
636 1737 815 1820 possimus.
858 1734 982 1818 Capite
998 1753 1087 1818 opus
1096 1741 1168 1799 est:
1192 1733 1301 1799 hocne
1315 1753 1381 1800 uno

286 1857 329 1902 an
343 1838 551 1921 pluribus,iu
571 1846 686 1902 vestra
706 1842 883 1919 potestate
906 1845 970 1900 est.
1014 1836 1105 1900 Illud
1130 1836 1215 1900 scire
1238 1835 1384 1925 debetis,

287 1939 463 2003 militarem
478 1939 551 2002 sine
572 1938 659 2003 duce
682 1938 815 2002 turbam
836 1955 958 2020 corpus
981 1955 1057 2002 esse
1082 1937 1154 2000 sine
1178 1937 1307 2020 spiritu.
1346 1938 1382 2002 9.

288 2035 442 2102 Sextus*
457 2039 581 2104 mensis
595 2048 660 2118 est,
674 2057 720 2104 ex
734 2058 803 2122 quo
818 2037 964 2104 Roxane
977 2057 1154 2122 praegnans
1168 2042 1230 2102 est.
1274 2036 1383 2118 Opta-

320 2261 332 2284 ·
352 2253 431 2302 (Μία
440 2252 761 2317 communemve-r
772 2251 840 2302 ι’ὶῐοιο
850 2255 882 2302 nd
893 2251 1011 2316 Dmipri
1019 2257 1140 2314 temtor.

320 2314 331 2348 ⁵
347 2317 532 2383 &nempe
539 2318 599 2381 quod
608 2332 700 2382 emper
708 2317 884 2366 inmlulituti
895 2317 995 2380 eripilru
1003 2331 1047 2380 per
1053 2321 1158 2368 mrtem.

744 2491 923 2513 ‘mom

290 2623 365 2673 leid.
381 2623 464 2685 Βοος.
481 2628 503 2671 1.
519 2626 545 2672 2.
562 2629 589 2671 et
604 2625 675 2675 Dru.
690 2623 767 2686 uolgi.
799 2623 875 2672 Vorr.
892 2625 916 2670 2.
932 2621 1028 2671 omittit
1038 2627 1178 2671 mern-⁶
1196 2620 1269 2670 ldem
1282 2621 1386 2672 ceder:

288 2686 383 2750 §april
392 2687 456 2736 oica
467 2689 538 2737 eim.
571 2687 721 2737 ‘Tumidum
730 2689 798 2736 nuuc
809 2701 865 2736 erre
877 2687 1049 2736 locutionem:
1060 2685 1155 2748 imperii
1164 2687 1234 2745 eirea,
1243 2699 1295 2734 nou
1303 2699 1388 2746 nego,

290 2759 381 2801 contra
390 2747 488 2812 frigent
499 2751 656 2813 conjecture
666 2748 811 2801 Schefferir
828 2751 924 2813 imperii
939 2764 978 2798 rer
988 2750 1121 2810 οοεὶςππε,
1134 2757 1161 2798 et
1179 2749 1294 2799 Heirreil:
1313 2749 1389 2812 inpr-

289 2815 324 2862 rir'
338 2813 377 2863 ui
392 2828 431 2862 rer
445 2813 584 2872 comme!
601 2815 761 2865 Schmiedor.
793 2813 868 2863 Vorr.
883 2817 908 2863 2.
924 2816 992 2863 eredo
1008 2813 1132 2862 eolla-d
1150 2813 1223 2863 laeid.
1233 2815 1308 2862 Voss.
1322 2817 1346 2862 l.
1358 2819 1390 2862 et

291 2878 375 2940 Boug.
388 2881 411 2924 1.
421 2881 446 2926 2.
457 2877 487 2925 ub
496 2879 514 2927 i.
523 2878 581 2938 Die,
590 2880 667 2929 etsie
679 2893 747 2927 mox.
772 2877 857 2927 Amet.
866 2881 955 2940 potuit.
988 2879 1063 2926 verr.
1080 2881 1106 2927 2.
1122 2877 1285 2938 multudiu
1295 2891 1392 2937 rma,

289 2941 1034 3055 tellitt⁰lumzllltlffi⁶llzldlltn
1045 2940 1390 3066 ‘'difficili‘'iiil·

290 3071 314 3116 1.
326 3071 351 3116 2.
361 3067 419 3118 Prl.
430 3073 454 3117 l.
465 3075 493 3117 et
503 3069 576 3119 Mod.
585 3042 712 3121 rdduiw.
744 3039 808 3118 ‘l'le
824 3083 883 3118 cunr
901 3039 1057 3117 ldenruuuno
1074 3082 1122 3131 pro
1133 3068 1223 3117 nomini
1232 3039 1303 3130 lopas
1313 3039 1392 3116 hui:

290 3130 334 3180 ni!
349 3131 510 3182 Sclrnrieder.
541 3135 616 3182 Vosr.
624 3138 648 3182 2.
661 3149 707 3198 que
717 3133 888 3193 nrdr,omirrr
897 3133 1090 3196 praepositione.
1107 3133 1220 3180 Floreut.
1231 3131 1303 3180 Leid.
1314 3132 1394 3179 Voss.

291 3200 317 3244 1.
327 3199 352 3244 2.
363 3195 433 3247 Dan.
444 3196 502 3245 Pal.
514 3201 538 3246 1.
549 3207 576 3246 et
587 3198 669 3261 Bouq.
678 3198 780 3274 pande
792 3212 821 3245 uc
835 3199 951 3257 rega-8
968 3197 1083 3246 Floreat.
1099 3195 1173 3246 nete.
1185 3204 1213 3244 et
1224 3195 1300 3242 Voss.
1314 3199 1341 3242 l.
1353 3211 1394 3243 eo·

289 3259 453 3322 gitrlmm
477 3258 554 3310 Voer.
564 3265 589 3310 2.
600 3266 623 3309 et
633 3262 785 3322 comodum
796 3275 899 3322 quoque:
923 3259 981 3308 Pal.
996 3265 1018 3308 1.
1028 3261 1180 3320 cogitandum
1188 3273 1284 3322 qaoque,
1311 3259 1394 3308 Voss.

291 3325 317 3371 2.
326 3329 413 3386 purete
422 3328 466 3373 at.
499 3324 572 3373 Idem
584 3333 611 3372 et
623 3324 681 3375 Pal.
699 3329 722 3374 1.
738 3325 781 3372 tec
792 3337 892 3378 meum,
903 3323 1067 3385 improbante
1078 3322 1236 3374 Sclrmleder.
1270 3321 1393 3372 Florenr.

293 3386 637 3446 [arnamar-toene,
662 3389 746 3450 Benq.
764 3391 788 3436 l.
799 3391 823 3434 2.
835 3385 954 3434 menete
964 3401 1025 3444 uro‚·
1051 3386 1395 3448 Amrmtlrugddrocuo.

292 3449 375 3512 anag.
386 3455 410 3501 1.
422 3456 446 3499 2.
456 3453 612 3515 depictione,
636 3451 751 3501 Floreat.
763 3449 838 3500 neid.
847 3449 922 3498 vnn.
938 3455 960 3498 l.
971 3455 996 3498 2.
1008 3459 1035 3499 et
1051 3450 1102 3498 duo
1119 3449 1162 3499 ulli
1174 3451 1299 3499 omittunt
1309 3451 1393 3512 plari·

292 3510 392 3561 era-o
408 3515 465 3564 Pri.
476 3520 501 3564 1.
512 3517 610 3566 omlrtit
619 3530 651 3565 ru
660 3531 713 3579 quo.
748 3514 808 3565 Are.
826 3513 947 3562 lllrouurr.
981 3514 1055 3564 Vere.
1074 3519 1097 3564 1.
1111 3527 1239 3580 progener.
1272 3513 1353 3564 Voss.
1367 3520 1393 3564 2.

783 3673 895 3728 NOTAE

324 3797 501 3862 trapam]
517 3798 644 3850 Mandata
660 3815 707 3851 rur
725 3801 818 3866 quibua
860 3810 926 3854 turm
946 3818 994 3868 per
1013 3809 1121 3854 mortem
1145 3805 1230 3870 perit;
1252 3805 1309 3854 rel:
1327 3811 1398 3870 qna

293 3876 366 3938 requi
380 3874 446 3923 riree
457 3874 670 3928 continebantur:
687 3878 737 3928 niri
748 3878 818 3928 aliud
857 3891 947 3940 temper
954 3879 1108 3936 monnlltole.
1119 3879 1146 3929 id
1156 3887 1205 3941 err,
1215 3881 1333 3929 mortalia
1345 3891 1399 3933 na·

294 3950 425 4015 quidpiam
437 3950 562 4015 scriptum
570 3959 628 4003 orat
639 3967 655 4002 ο
665 3953 766 4004 Curtio.
857 3957 925 4002 turm
936 3953 1084 4004 conditione
1095 3955 1347 4006 uldrcitrrlromini.

326 4035 337 4060 ε
353 4026 392 4075 Ao
409 4027 597 4093 imortalitate]
614 4030 686 4080 Alius
700 4029 820 4080 immone·
889 4028 902 4062 ⁶¹
918 4027 1020 4092 Sextus]
1039 4027 1283 4082 Adurrlnodicitur
1294 4033 1303 4058 ⁴
1315 4041 1399 4082 oete-

293 4102 372 4149 lilutl:
401 4103 459 4150 rel:
485 4107 545 4166 quod
563 4120 657 4170 unper-
676 4106 819 4156 molituri
858 4103 924 4164 vur,'
942 4104 1014 4167 irque
1027 4103 1084 4166 jam
1102 4112 1222 4154 exuetur:
1240 4113 1314 4154 certe
1328 4119 1399 4170 port

294 4175 441 4238 nutrita,
459 4177 486 4227 id
498 4188 545 4243 ert,
556 4181 626 4244 quod
637 4180 755 4230 lrumanae
774 4195 819 4230 na·
858 4183 937 4248 paulo
948 4181 1028 4233 lilium
1040 4183 1145 4248 peperit
1157 4181 1350 4235 Alexandrum.
