3025 4892
266 375 330 440 658
474 391 507 450 Q.
530 387 661 438 cuurrr
692 388 784 438 nurr
810 389 881 440 ure.
905 389 985 438 vrrr.
1009 390 1091 438 cnr.
1113 374 1165 438 14.

268 553 356 600 mes:
380 535 505 617 quippe
530 533 650 616 jacula
678 535 860 618 complura,
886 533 945 599 ubl
967 533 1122 599 cominus
1145 533 1366 619 praeliandum

267 644 349 714 erat,
377 637 510 702 omissis
531 635 669 700 habenis
693 639 725 700 in
748 637 878 701 hostem
902 637 1106 718 ingerebant.
1149 639 1182 704 4.
1205 636 1365 702 Ceterum

268 741 327 804 vix
341 738 430 802 ullus
446 757 525 802 osus
540 735 639 821 hujus
654 739 773 802 auxilii
794 750 836 803 eo
857 737 911 829 dip
933 737 1018 802 tuit:
1039 757 1197 821 namque,
1211 743 1248 801 ut
1262 755 1368 821 supra

267 840 469 918 dictumest,
483 841 599 918 imber,
619 839 802 906 violentius
817 860 917 925 quam
937 840 1025 906 alias
1039 839 1147 919 fursus,
1161 859 1303 923 campos
1317 841 1368 904 lu·

267 944 380 1008 bricos
396 951 431 1008 et
454 943 691 1026 inequitabiles
705 943 852 1007 iecerat:
874 961 1059 1026 gravesque
1071 949 1107 1007 et
1120 941 1368 1026 propemodum

268 1045 460 1112 immobiles
489 1064 606 1111 currus
642 1045 757 1110 illuvie
787 1062 827 1108 ac
857 1043 1076 1128 voraginibus
1107 1045 1289 1108 baerebnnt.
1333 1045 1366 1108 5.

269 1145 395 1212 Contra
409 1146 603 1212 Alexander
616 1147 779 1229 expedito
794 1165 836 1210 ac
850 1145 916 1211 levi
927 1146 1058 1228 agmine
1069 1151 1197 1210 strenuo
1212 1146 1369 1210 inuectus

269 1255 344 1313 est·
389 1245 546 1333 Scytbted
567 1255 600 1313 et
628 1247 737 1313 Dahae
769 1247 866 1331 primi
892 1248 1037 1312 omnium
1065 1247 1217 1312 invasere
1237 1247 1367 1312 ludos:

269 1349 456 1414 Perdiccan
471 1350 591 1414 deiude
607 1371 681 1416 cum
694 1348 866 1432 equitibus
882 1348 917 1412 in
933 1349 1089 1414 dextrum
1103 1369 1206 1415 cornu
1219 1349 1367 1414 bostium

268 1452 389 1517 emisit.
431 1453 473 1516 6:
487 1452 568 1516 Jarn
596 1451 743 1535 undique
765 1469 877 1535 pugna
898 1469 936 1514 se
959 1451 1131 1529 moverat,⁸
1153 1470 1227 1516 eum
1250 1451 1287 1531 ii,
1308 1451 1368 1534 qui

269 1573 384 1620 currus
399 1555 555 1636 agebant,
570 1552 652 1618 illud
665 1553 817 1618 ultimum
832 1551 995 1615 auxilium
1011 1570 1147 1616 suorum
1161 1552 1235 1628 rati,
1251 1550 1367 1616 effusis

266 1656 416 1733 habenis,
429 1655 463 1718 in
477 1654 620 1719 medium
636 1653 814 1719 discrimen
828 1672 922 1717 ruere
942 1657 1126 1736 ooepernnt.
1169 1655 1201 1717 7.
1224 1653 1365 1736 Anceps

268 1757 302 1820 id
319 1757 442 1821 malum
456 1756 608 1838 utrisque
618 1762 705 1820 orat:
717 1767 729 1794 ‘
743 1773 820 1818 nam
834 1759 868 1818 et
880 1753 1102 1818 Macedonum
1115 1753 1244 1836 pedites
1257 1755 1364 1836 primo

267 1858 393 1942 impetu
409 1860 653 1937 obterebantur,
668 1863 700 1922 et
715 1877 774 1941 per
785 1857 912 1922 lubrica
927 1861 1027 1938 atque
1036 1855 1128 1918 invia
1138 1855 1283 1919 immissi
1292 1875 1368 1920 enr-

220 2009 223 2016 .
268 1979 327 2024 rus
342 1961 559 2026 excutiebant
579 1978 651 2038 eos,
673 1978 695 2022 a
714 1958 839 2042 quibus
858 1958 1072 2040 regebantur:
1095 1955 1127 2018 8.
1142 1955 1285 2021 aliorum
1300 1966 1367 2022 tnr-

268 2062 341 2126 boti
354 2062 429 2145 eqni
445 2081 512 2126 non
527 2062 562 2126 in
583 2061 760 2143 voragines
777 2059 882 2126 modo
903 2059 1124 2142 lacunasque,
1139 2059 1200 2124 sed
1214 2061 1317 2125 etiam
1331 2061 1366 2124 in

269 2180 398 2227 amnem
413 2164 665 2246 praecipitavere
684 2163 875 2228 curricula·
916 2163 949 2227 9.
971 2161 1079 2225 Pauci
1095 2170 1205 2225 tamen
1218 2160 1365 2227 bostium

270 2263 389 2329 tenus'
416 2264 557 2328 exacti‘
586 2269 800 2348 penetravere
825 2263 869 2328 ad
892 2262 1015 2326 Pomm
1036 2263 1195 2328 acerrime
1217 2281 1366 2344 pugnam

301 2467 313 2490 ⁶
330 2461 391 2509 Cum
400 2462 517 2523 expeditis
526 2463 671 2529 ugilibnrpue
683 2467 755 2530 copiis
764 2467 872 2518 celeriter
879 2483 985 2532 popm
994 2469 1060 2519 iniit.

301 2521 312 2554 δ
330 2524 443 2573 Pretium
453 2526 588 2576 inchoatum
598 2535 659 2578 erut.
755 2539 767 2563 ²
784 2531 846 2580 Erat
856 2533 882 2581 id
892 2533 998 2596 atriaque
1008 2549 1039 2584 ex
1048 2548 1113 2598 apro
1123 2533 1301 2584 ineman·

301 2583 314 2618 ⁴
332 2588 433 2637 camum
442 2591 482 2653 qui
492 2593 524 2640 od
535 2593 675 2645 Macedones
685 2609 756 2658 nsque
764 2596 971 2658 iapelnsamat.

726 2735 911 2757 ‘nm

268 2831 429 2894 erurteeteri‘
462 2833 535 2881 Voss.
548 2837 571 2882 1.
581 2832 705 2883 tubarum.
738 2835 796 2884 Pal·
808 2838 832 2885 1.
843 2834 927 2893 §mle
937 2849 1008 2898 qum
1017 2835 1096 2899 piare.
1124 2833 1368 2885 vmatntutem

266 2895 438 2954 gerebant—4
455 2897 562 2946 Vocat.
574 2897 636 2959 suit,
653 2898 728 2948 treber
744 2899 872 2948 Mentior
886 2913 956 2962 psum
971 2914 1037 2961 am,
1053 2899 1147 2949 omisso
1157 2901 1226 2948 utine
1260 2897 1317 2946 col.
1328 2899 1367 2948 irr-

268 2959 421 3020 oequitnbiler.
453 2961 568 3010 Florent.
582 2961 652 3012 Laid.
665 2961 739 3012 Voss.
750 2967 774 3011 1.
784 2967 810 3012 θ.
822 2970 850 3012 et
862 2963 946 3026 Bonp.
964 2976 993 3011 ac
1002 2964 1172 3026 mrugtntbusr
1188 2963 1246 3012 Pal.
1258 2967 1281 3011 1.
1297 2976 1367 3012 norn-

268 3021 371 3070 mr'nibru
377 3040 387 3079 ,·
406 3021 465 3075 Ald.
477 3025 559 3074 Colin.
570 3025 670 3088 Gryplr.
681 3027 750 3077 Mar.
763 3027 839 3077 Frob.
851 3027 913 3077 Bar.
926 3033 953 3076 et
965 3028 1021 3078 Col.
1037 3034 1061 3078 et
1071 3028 1242 3090 nmina—t
1254 3026 1333 3076 Vorr.
1341 3031 1367 3075 2.

268 3085 360 3133 Decio
367 3101 376 3142 ,·
394 3087 461 3136 bier.
473 3089 532 3138 Bne.
546 3097 573 3138 et
584 3091 639 3140 Coi.
651 3089 733 3140 Dueoe.
767 3093 885 3141 Floreat.
898 3091 974 3142 Laid.
990 3091 1065 3142 Voss.
1079 3097 1102 3142 1.
1112 3098 1137 3142 2.
1149 3100 1175 3141 et
1186 3091 1259 3140 Mod.
1269 3091 1295 3139 in
1306 3093 1367 3140 dex·

267 3153 332 3196 trum
342 3157 495 3200 comam-tl
512 3153 626 3203 Florent.
639 3153 711 3203 laid.
724 3153 802 3205 Vorr.
815 3159 838 3204 1.
851 3155 935 3220 Boug.
948 3163 974 3204 et
986 3156 1056 3206 Mer.
1067 3169 1137 3219 quart
1146 3156 1172 3204 a·
1181 3157 1222 3218 pti
1230 3172 1239 3210 .·
1255 3154 1332 3204 Voss.
1341 3159 1367 3203 2.

267 3213 367 3262 omittit
385 3214 420 3274 ti,
440 3215 486 3264 aad
505 3217 577 3265 addit
593 3231 653 3266 mox
664 3217 689 3266 ii
700 3219 769 3267 illrrd.
802 3219 877 3269 Voss.
888 3223 914 3270 2.
925 3219 1125 3270 auxiliorum-l
1144 3220 1273 3270 Proiecto
1284 3218 1368 3267 Hein-

268 3277 319 3324 riu·
330 3278 395 3340 conj.
407 3279 493 3342 inciae,
504 3282 545 3329 rel
556 3282 680 3330 decia—tl
697 3283 773 3332 Voss.
783 3287 809 3332 2.
821 3283 920 3332 omittit
931 3299 974 3346 qu
990 3292 1049 3348 port
1065 3286 1167 3348 amma,
1178 3293 1207 3333 er
1217 3297 1275 3333 mox
1288 3283 1369 3332 babet

264 3342 536 3458 cruere-rer
549 3343 711 3458 rum
726 3347 1157 3462 ‘r
1192 3411 1369 3461 ...

328 3439 336 3454 0
418 3442 424 3457 ἱ
504 3441 510 3456 Ι
540 3441 547 3458 0
578 3442 584 3457 Ι
679 3443 686 3458 Ι
716 3444 723 3461 Ι
751 3445 758 3460 0
853 3426 891 3461 Oe
993 3445 999 3462 Ι
1027 3427 1095 3462 “m
1116 3427 1173 3462 “a
1254 3444 1262 3460 0

267 3481 317 3530 pro
328 3471 407 3542 suncti
418 3471 495 3520 Voss.
507 3476 528 3522 1.
546 3474 553 3499 ‘
567 3424 717 3536 Depmdata
727 3473 794 3524 iraee.
826 3475 997 3526 Scribendorn
1009 3490 1117 3526 cerreto:
1136 3477 1213 3525 Praei
1223 3481 1302 3524 terren
1313 3475 1368 3522 bor-

268 3533 328 3580 rrum
340 3535 440 3583 rotetur
450 3537 538 3599 exacti,
546 3538 588 3599 tre.
622 3537 689 3588 llaec
701 3539 830 3603 scriptura
842 3553 918 3603 quem
930 3541 965 3590 rit
975 3541 1063 3590 similis
1075 3539 1205 3601 codicum,
1216 3541 1312 3602 sciunt,
1323 3542 1369 3604 qni

766 3679 871 3732 NO'l'AE

299 3771 312 3806 ἅ
328 3771 436 3837 Septim]
454 3773 510 3825 bib.
521 3788 572 3825 vn.
583 3791 643 3841 cap.
661 3779 684 3827 7.
705 3777 797 3842 Deba]
869 3775 968 3828 'Penei
979 3777 1367 3842 maledicamurdVoeem

268 3845 362 3910 Supra,
372 3863 431 3912 cap.
445 3855 468 3898 1.
836 3854 1369 3916 tenuemquanrnonoulloeinrernerarrtedi·

300 3933 311 3960 ὲ
328 3927 465 3990 Contactu]
484 3927 505 3976 A
522 3927 629 3978 ‘curru'
650 3929 681 3980 fir
697 3929 796 3980 ‘currb
837 3929 1104 3991 transmeantium,
1121 3928 1320 3991 plnrecsecuti5
1338 3937 1369 3980 et

268 4001 372 4063 eulnrn,'
390 4002 458 4066 qnod
478 4011 519 4052 ert
534 4003 710 4054 brevissimum
726 4006 797 4054 vebl·
836 4003 898 4068 qnia
908 4003 1368 4066 verambujusiociseotentiamtnr·

268 4077 319 4124 coll
339 4091 428 4140 penus,
447 4078 532 4128 cursui
553 4081 721 4144 aptissimum.
755 4081 797 4130 Ex
838 4082 900 4130 bere
917 4079 1064 4143 ridebatur,
1082 4094 1157 4144 qnam
1168 4080 1368 4142 interpretando

171 4147 176 4152 ’
267 4150 423 4214 qrrot'actunr
442 4169 542 4221 quoque
560 4156 703 4208 viderurnt
720 4157 796 4207 ‘cur·
836 4158 1019 4221 expressimus.
1053 4157 1156 4221 Nempe
1176 4155 1367 4219 ⁸l0l¹¹l⁸l158⁸²

267 4225 387 4276 ticulum·
400 4244 527 4292 procursu
539 4231 619 4282 etiam
631 4232 785 4296 accipiatur.
836 4231 938 4297 ldafleru
950 4231 1032 4288 illum,
1051 4231 1166 4298 quinquin
1183 4219 1242 4296 fuir,
1261 4230 1300 4282 ita
1315 4231 1369 4282 dir·
