3025 4892
164 447 167 454 .
249 385 316 452 660
457 402 490 463 ο.
514 401 646 450 curru
674 401 763 450 auru
790 403 862 450 are.
887 403 969 451 vrrr.
992 402 1074 450 osa.
1096 387 1150 450 14.

249 544 433 608 belluarum
445 545 559 622 modo,
570 542 628 608 sed
643 544 741 608 etiarn
757 544 867 628 ipsius
881 547 972 626 regis
987 553 1149 629 aspectos
1163 561 1348 628 parumper

247 646 401 710 inhibuit.
445 645 498 710 13.
526 644 654 710 Belluae
685 645 866 727 dispositae
894 646 979 710 inter
1008 641 1168 710 armatosj
1200 647 1351 728 speciem

250 749 388 812 turrium
404 747 522 830 procul
536 747 685 810 fecerant
699 766 707 810 :
731 747 806 828 ipse
820 746 927 810 Porus
941 746 1097 812 hnmanae
1111 744 1349 826 magnitudinis

248 847 491 932 propemodum
506 842 717 911 excesserat*
732 846 887 910 formam.
931 845 1176 933 Magnitudiul¹
1199 849 1278 912 Pori
1289 847 1351 909 ad-

243 948 349 1031 jicere
364 947 539 1012 ridebatur
551 945 677 1022 bellua,
687 965 755 1030 qua
771 946 965 1026 vehebatur,
982 955 1109 1014 tantum
1124 951 1209 1014 inter
1223 955 1349 1012 ceteras

252 1051 413 1126 eminens,
423 1055 549 1132 quanto
559 1048 635 1112 aliis
645 1051 721 1131 ipse
732 1049 928 1131 praestabat.
948 1050 1001 1116 14.
1017 1050 1138 1134 ltaque
1148 1049 1350 1124 Alexander,

251 1151 496 1234 contemplatus
505 1158 539 1214 et
552 1169 661 1232 regern
672 1159 706 1215 et
721 1171 839 1232 Qmea
852 1151 1024 1230 Indorum,
1038 1152 1215 1228 ‘tandem'
1229 1153 1349 1235 inquit,

251 1261 337 1338 ‘par
348 1253 460 1318 auimo
470 1271 544 1316 meo
556 1252 742 1334 periculum
757 1253 875 1320 rideo:
896 1273 973 1320 cum
983 1255 1105 1320 bestiis
1115 1255 1212 1318 simul
1224 1260 1259 1318 et
1273 1271 1350 1317 euru

251 1353 480 1438 egregiisriria
489 1371 542 1418 res
551 1353 626 1418 est.’
650 1355 700 1418 15.
714 1355 922 1439 Intuensque
933 1357 1076 1434 Goenon,
1089 1355 1192 1420 ‘Cum
1204 1354 1351 1437 egulin-

252 1457 338 1541 qnit‚
353 1456 560 1520 ‘Ptolemaeo
576 1453 808 1540 Perdioesque
817 1463 839 1492 ¹¹¹
861 1466 898 1522 et
913 1458 1153 1541 Heplraestione
1168 1459 1350 1522 comitatus

250 1561 287 1624 in
300 1559 423 1624 lterum
437 1555 584 1620 hostiurn
599 1574 701 1620 cornu
724 1559 885 1640 impetum
901 1561 1024 1635 secero,
1045 1559 1235 1642 viderisque
1248 1577 1300 1622 me
1315 1559 1350 1621 in

249 1659 362 1724 medio
378 1658 496 1722 ardore
512 1658 721 1740 certaminis3
747 1659 823 1742 ipse
839 1659 1016 1725 deutrum¹¹
1037 1680 1147 1741 more,
1161 1671 1196 1726 et
1210 1661 1350 1727 turbatis

254 1955 329 2006 esdd.
341 1970 399 2006 enus
411 1957 470 2006 edd.
482 1957 598 2006 Freinsh.
610 1964 639 2005 et
650 1956 727 2005 Snak.
739 1956 866 2006 tramae
900 1956 956 2006 Pal.
969 1961 992 2006 l.
1008 1969 1093 2018 pursss
1102 1953 1225 2010 s'rrls'dus't,¹
1241 1954 1316 2004 Voss.
1324 1961 1349 2005 2.

249 2033 335 2084 psrsrsr
344 2021 539 2082 prelibata-rs
551 2020 650 2071 Omnes
662 2020 738 2068 codd.
750 2029 778 2069 et
789 2020 850 2070 edd.
864 2020 980 2069 Freinsh.
989 2031 1016 2068 et
1028 2020 1105 2068 Susk.
1116 2020 1156 2068 laio
1167 2019 1247 2068 etism
1260 2019 1352 2068 Betsoe.

252 2083 328 2132 Voss.
339 2087 363 2133 2.
373 2086 477 2134 turrium
487 2087 594 2149 speciem.
621 2085 695 2134 Mod.
707 2091 734 2133 et
746 2085 863 2146 plurimae
875 2083 935 2134 edd.
947 2093 1009 2132 ante
1020 2081 1135 2132 Freinsh-
1148 2082 1270 2130 omittunt
1284 2084 1354 2144 Pori,

271 2148 321 2196 uod
341 2157 429 2198 tamen
449 2149 544 2198 lrabeat
567 2149 681 2198 Floreat.
699 2147 774 2197 Leid.
794 2149 868 2197 Voss.
882 2153 940 2197 m.
959 2148 1025 2196 Dan.
1042 2147 1099 2196 Psl.
1114 2151 1136 2195 l.
1152 2146 1214 2195 Ald.
1226 2146 1309 2195 Calin.
1322 2158 1350 2196 et

281 2210 354 2274 ryplr.
380 2212 590 2262 'Freinshemius
610 2214 695 2261 locum
716 2212 753 2261 sie
774 2213 922 2276 interpuugi
942 2211 1056 2260 mavult:
1075 2211 1129 2274 lpse
1149 2211 1227 2258 Persa
1245 2211 1351 2260 laam

252 2276 427 2336 nauminia
434 2291 507 2352 prope
518 2280 760 2325 mansueverat.
795 2277 904 2325 Formosa
915 2277 953 2338 (lr.
964 2291 990 2323 e.
1000 2275 1132 2334 decorem,
1145 2276 1270 2338 speciem)
1286 2291 1351 2336 nug·

254 2340 362 2388 situdisi
372 2340 433 2389 Pari
444 2341 545 2400 autem
556 2339 680 2388 ridebatur
690 2340 767 2400 belus,
776 2341 818 2402 de.
834 2338 901 2389 bens
912 2340 1031 2402 quidem
1049 2340 1094 2388 sed
1107 2339 1237 2400 vulgatam
1249 2355 1351 2403 quoque

253 2400 319 2453 sero.
354 2403 509 2454 Plutarchus
519 2404 564 2452 τὸν
581 2405 663 2468 Πῦρον
673 2401 746 2464 potis
757 2403 854 2453 sverm
864 2400 922 2468 spir
938 2403 982 2452 ris
997 2401 1117 2465 daleam
1130 2401 1258 2466 συμμετρίᾳ
1269 2406 1352 2468 scrip·

254 2467 305 2516 sit.'
321 2467 468 2518 Selsieder.
502 2469 575 2518 Mod.
586 2475 613 2518 et
624 2467 684 2517 edd.
697 2468 829 2532 pleraque
846 2474 908 2517 suta
927 2467 1043 2517 Freinslu
1062 2472 1173 2532 pssrrtsrs
1192 2481 1240 2530 pro
1255 2474 1353 2531 questo,

256 2530 325 2594 quod
346 2531 470 2581 exhibent
488 2531 603 2582 Florent.
623 2531 697 2582 uid.
710 2531 785 2581 Voss.
803 2536 826 2581 l.
843 2536 868 2581 2.
886 2533 955 2581 Dea.
976 2531 1034 2580 Pal.
1054 2535 1077 2580 l.
1097 2540 1125 2581 et
1146 2532 1295 2593 Berge—lt
1311 2533 1352 2581 lts

255 2595 425 2644 dissuadere.
436 2600 473 2645 est
484 2609 563 2658 regern
580 2597 652 2647 Voss.
663 2601 688 2644 2.
705 2597 850 2657 numen,
868 2596 948 2708 ierit
968 2595 1025 2644 Pal.
1038 2599 1061 2645 1.
1075 2601 1166 2645 mest
1178 2596 1244 2643 Mer.
1254 2602 1351 2644 maon

256 2659 368 2709 lustretur
386 2659 412 2707 in
432 2659 506 2709 Voss.
522 2663 611 2708 2.-15
629 2659 695 2708 Edd.
714 2661 800 2722 rulgg.
817 2665 877 2708 snte
918 2659 1012 2708 relnslr.
1025 2659 1136 2717 Ceam
1154 2661 1266 2709 Floreat.
1278 2660 1351 2710 uid.

256 2722 333 2771 Voss.
346 2727 370 2770 l.
381 2727 407 2772 2.
418 2723 512 2780 ested,
523 2736 580 2772 cum
593 2723 659 2772 Mer.
671 2723 730 2771 ald.
742 2723 828 2772 Colla.
839 2722 941 2786 Gryplu
952 2724 1029 2772 Frob.
1041 2723 1101 2772 Bss.
1122 2723 1204 2785 bugd.
1222 2732 1249 2772 et
1268 2723 1354 2776 Amet.

257 2785 353 2835 cnon.
372 2789 380 2814 ¹
391 2786 418 2835 Si
429 2787 543 2836 editores
554 2801 600 2850 pro
612 2787 639 2835 is
649 2787 735 2835 loersrs
744 2801 817 2836 esras
828 2801 861 2836 ex
874 2787 978 2838 Arrian.
989 2799 1014 2836 r.
1025 2791 1066 2836 ld.
1077 2793 1102 2838 t.
1112 2788 1201 2850 legere
1214 2788 1311 2848 solunt,
1326 2789 1354 2838 is

257 2849 577 2907 messanensium
592 2852 676 2899 locum
691 2865 743 2899 non
761 2852 954 2901 intellexeruut.
988 2851 1083 2915 capiss
1094 2851 1146 2900 sie:
1165 2853 1249 2900 κοῖνον
1259 2849 1285 2900 tl
1294 2851 1352 2912 πίμ-

255 2929 294 2962 ssr
306 2913 346 2962 lsi
355 2912 385 2961 τὸ
397 2913 477 2978 δοξῶν,
488 2929 524 2964 so,
534 2917 583 2963 τᾶν
594 2912 751 2963 Marsum!
768 2914 914 2965 &antedec-
946 2914 1007 2964 Vid.
1020 2915 1083 2964 Not.
1094 2915 1155 2964 Vsr.
1187 2917 1261 2965 Voss.
1273 2919 1296 2968 ².
1315 2919 1352 2966 ei·

747 3067 860 3118 Nom

286 3176 296 3221 i
313 3177 379 3228 lster
393 3179 510 3243 srrsrutos]
522 3180 563 3230 lts
574 3195 675 3246 quoque
687 3181 783 3232 Diodo·
858 3180 1050 3245 'Mnesitsdias'J
1060 3180 1170 3230 Addunt
1180 3179 1354 3244 sliqui‚Psrt=

252 3266 313 3302 rus:
331 3254 375 3301 sed
393 3253 441 3304 lroe
459 3254 583 3304 Arrianus
604 3265 693 3320 negat,
712 3264 740 3306 et
756 3258 784 3306 iu
823 3256 894 3319 qrrod
911 3258 973 3306 item
992 3256 1121 3319 glossema
1137 3264 1243 3319 putem:
1263 3255 1356 3315 legunt

252 3328 336 3378 altero
356 3341 417 3392 post
444 3329 533 3380 ordine
560 3333 700 3381 collocatos
728 3333 782 3382 ait:
823 3329 1354 3396 allirssgas'tsds'srssrtqnodsnss'ssprobs·

251 3403 308 3467 ipse
338 3419 440 3470 quoque
468 3407 574 3456 Curtius
609 3408 688 3470 paulo
720 3415 782 3458 sate
823 3407 913 3456 rerlm.

251 3481 399 3545 scripserat,
417 3485 494 3546 ‘pust
512 3497 556 3532 eos
575 3491 696 3547 posuerat
710 3485 782 3548 pedi·
855 3491 873 3516 ¹¹
890 3483 1063 3546 Paediscsprse]
1081 3480 1353 3544 Antesespltisinitio

152 3589 153 3594 =
252 3557 312 3616 tes,’
323 3560 371 3607 dre.
822 3557 975 3608 Perdiccam
993 3558 1020 3606 ln
1037 3558 1158 3606 dextrum
1173 3555 1283 3605 hostinsu
1294 3548 1354 3605 e'or·

284 3625 468 3696 theresa]
485 3633 574 3684 arrum
587 3636 698 3700 quinque
710 3637 784 3686 curbi·
822 3649 858 3683 nu
877 3634 998 3682 miserate
1020 3632 1067 3682 sed
1085 3633 1111 3681 in
1130 3633 1215 3696 priore
1234 3631 1354 3681 nimirum

253 3717 294 3760 tos
312 3707 377 3758 lacit
396 3710 541 3770 Arriannsr
558 3711 608 3760 hoc
627 3720 678 3772 est,
704 3713 784 3774 pedes
822 3708 947 3758 adsersus
958 3707 1061 3770 Hapsus
1077 3708 1182 3771 praelim
1202 3706 1271 3771 quod
1289 3707 1353 3756 Gla·

253 3790 352 3848 septem
367 3799 399 3833 se
414 3785 557 3834 dimidium.
592 3785 712 3836 Ceterum
723 3800 783 3836 cum
823 3799 930 3836 reanum
941 3782 1047 3836 teletus.

251 3861 329 3924 vulgo
348 3860 481 3924 legereut3
495 3861 661 3923 propemodum
679 3877 784 3912 esrem·
855 3869 868 3894 ¹·
878 3862 932 3924 lpse
943 3858 1124 3925 [ἐκβαίνει]
1134 3859 1353 3909 Probsritl'rein·

251 3941 293 3985 rst
306 3936 432 3996 sussum
457 3935 625 3984 emendarent
646 3937 707 3998 slii;
727 3952 783 3986 rsor-
823 3935 946 3998 slremlns,
971 3938 1022 3998 ipse
1046 3938 1156 3985 destruas
1181 3949 1256 3985 mose.
1298 3936 1354 3986 Sed

252 4025 336 4070 marr
366 4009 525 4060 doctloribus
556 4010 654 4058 assensi
686 4025 784 4074 sumus,
823 4012 896 4076 eujus
915 4014 1028 4062 dastmrs
1048 4011 1145 4062 cornu?
1164 4010 1353 4060 Macedonum?

253 4092 392 4148 utrumque
412 4087 539 4149 glossema
557 4101 625 4148 esse,
643 4101 725 4152 eoque
742 4103 782 4137 re·
823 4087 861 4137 At
881 4088 937 4149 ipss
958 4087 1074 4137 ducebat
1093 4086 1250 4136 Alenuder.
1284 4086 1355 4136 llos·

245 4163 329 4225 jecto,
340 4175 415 4212 socer
425 4169 523 4212 temere
538 4164 699 4227 conjunctas,
711 4178 784 4228 prope
823 4163 906 4211 tium?
922 4170 951 4212 st
959 4162 1016 4225 quis
1029 4161 1077 4212 lroe
1087 4161 1195 4222 dixerit,
1211 4161 1354 4211 ‘ruovere'

252 4237 353 4294 modam,
365 4231 508 4288 divisimus.
823 4251 871 4301 pro
888 4238 1055 4289 ‘lnssderel’
1073 4237 1187 4288 Atenlur
1204 4238 1355 4302 psulopost
