3025 4892
440 423 497 474 on.
522 425 630 474 extu.
653 409 684 474 l.
723 429 760 474 n.
782 428 841 475 err.
865 427 901 475 u.
922 411 998 478 328.
1193 417 1259 480 643

158 575 237 634 nata
262 569 509 652 exequebatur.
552 569 604 634 29.
627 568 783 634 Ceterum
808 589 885 634 cnm
907 589 984 636 crus
1006 573 1159 638 sancium
1177 595 1259 660 pen·

161 671 264 748 deret,
287 677 323 734 et
348 689 465 736 eruore
487 672 616 736 siccato
638 673 820 754 frigescens
843 673 965 736 vulnus
989 685 1184 756 aggravaret
1198 679 1259 741 do·

160 771 278 849 lorem,
303 771 430 837 dixisse
454 773 576 838 fertur:
599 772 666 837 ‘Se
693 773 828 856 quidem
847 774 966 839 Jovis‘
986 775 1089 840 tilium
1104 777 1184 855 dici,
1199 778 1258 841 sed

162 872 311 954 corporis
327 873 407 953 aegri
427 875 511 938 vitia
529 871 672 938 sentire.'
715 873 770 938 30.
794 874 828 938 N
830 893 873 939 on
888 884 1002 939 tamen
1017 883 1094 942 ante
1112 897 1149 942 se
1165 898 1258 944 rece·

161 973 214 1055 pit
242 974 279 1037 in
306 981 427 1051 eastra,
449 995 548 1058 qnam
571 981 694 1040 cuncta
714 978 902 1059 prospexit,
928 983 973 1055 et,
995 997 1073 1060 ques
1095 979 1168 1044 tieri
1190 983 1259 1046 vel·

161 1073 218 1150 let,
240 1074 357 1140 edixit.
402 1075 502 1158 Ergo,
519 1077 610 1140 sicut
626 1077 828 1159 imperatum
843 1083 928 1155 erat,
944 1078 1002 1143 alii
1024 1087 1121 1145 extra
1143 1083 1259 1147 urbem

160 1179 251 1238 tecta
280 1176 554 1255 demoliebantur,
586 1179 820 1261 ingentemque
842 1179 910 1242 vim
932 1181 1082 1246 materiae
1103 1183 1259 1249 iaciendo

164 1277 274 1358 aggeri
290 1276 525 1358 detrahebant3
549 1278 608 1342 alii
623 1295 817 1358 magnarum
828 1281 983 1344 arborum
997 1283 1130 1365 stipites
1142 1301 1262 1349 eumn.

162 1376 206 1440 lis
220 1395 262 1441 ac
278 1377 387 1442 moles
403 1395 561 1441 saxomm
578 1377 611 1440 in
627 1395 791 1441 cavernas
803 1378 1016 1462 dejiciebant.
1045 1384 1098 1448 31.
1113 1385 1259 1470 Jamque

162 1497 259 1560 agger
288 1486 483 1561 aequaverat
512 1497 652 1544 summae
678 1479 848 1560 fastigium
879 1487 993 1547 terrm:
1015 1483 1132 1567 itaque
1153 1493 1260 1555 turres

163 1580 392 1660 erigebantur:
415 1599 491 1662 quae
504 1599 608 1662 opera
620 1581 742 1662 ingenti
756 1581 898 1646 militum
909 1583 1026 1648 ardore
1036 1586 1123 1649 intra
1136 1606 1260 1654 nonum

164 1679 251 1743 diem
267 1680 423 1744 absoluta
436 1688 523 1745 suut.
568 1679 624 1746 Ad
640 1701 684 1746 ea
701 1682 841 1747 desuda
860 1701 922 1747 rex
942 1687 1091 1751 nondum
1113 1689 1261 1753 obducta

163 1781 291 1844 vulneri
311 1781 469 1846 cicatrice
493 1783 680 1867 processit;
702 1782 916 1868 laudatisque
935 1787 1096 1852 militibus
1122 1791 1260 1854 ‘admo-
1280 1788 1282 1791 ’

164 1901 241 1946 rere
256 1883 447 1947 machinas'
463 1883 586 1966 jussit:
609 1884 765 1968 equibus
780 1886 898 1967 ingens
913 1888 966 1950 vis
980 1889 1118 1952 telorum
1133 1891 1167 1952 in
1182 1909 1260 1972 pro·

163 1993 366 2068 pugnatores
377 1985 483 2050 effusa
498 1991 559 2052 est.
602 1987 656 2052 3⁴2.
679 1987 859 2070 Praecipne
873 1988 973 2053 rndes
990 1989 1107 2055 talium
1121 2010 1259 2074 opernm

163 2087 332 2151 terrebant
344 2087 485 2152 mobiles
509 2095 629 2164 turres,
650 2091 825 2174 tantasque
839 2091 961 2167 moles,
981 2092 1073 2156 nulla
1089 2111 1167 2175 ope,
1183 2113 1259 2176 quae

163 2197 363 2266 cerneretur,
393 2188 572 2267 adductas,
610 2191 758 2255 Deorum
795 2191 931 2254 numine
961 2192 1016 2274 agi
1041 2191 1260 2257 credentum*

161 2287 254 2370 ‘pila
268 2305 402 2372 qnoque
416 2289 556 2354 muralia
571 2294 605 2354 et
620 2309 787 2354 excussas
798 2292 971 2355 temnentis
982 2311 1172 2375 praegraves
1181 2292 1260 2368 has

163 2389 238 2452 tns'
268 2391 436 2470 negabant
466 2392 669 2457 ‘convenire
698 2391 930 2458 mortalibus.'‘
970 2393 1024 2458 33.
1057 2392 1176 2476 Itaque
1202 2393 1260 2458 de-

164 2496 297 2573 sperata
311 2491 403 2555 urbis
412 2492 521 2557 tutela
536 2512 733 2558 concessere
748 2495 784 2558 in
798 2513 920 2558 arcem.
964 2494 1064 2572 Inde,
1079 2495 1158 2577 quia
1173 2497 1258 2560 nibil

194 2699 206 2732 ¹
226 2701 544 2780 Tam-ingentesunmeltisas,
553 2705 585 2753 nd
596 2703 675 2752 urbem
685 2705 793 2753 admotas
801 2706 889 2754 satum
899 2719 970 2770 opere
981 2704 1056 2772 quint
1063 2707 1121 2772 ipsis
1129 2708 1259 2770 eldmetm

161 2765 648 2896 desedimus...

618 2957 804 2979 ,ΟΜΝ

161 3040 340 3101 alegate-ss
356 3041 582 3104 Pannpemerat.
616 3043 964 3106 song-reminiscerentur.
998 3044 1200 3106 bergamen
1209 3045 1260 3106 qui·

161 3106 287 3152 ἀει-83
303 3104 412 3154 Vocat.
426 3107 478 3154 Nec
489 3112 576 3156 temen.
610 3105 724 3157 Florent-
736 3107 809 3158 Laid.
826 3109 908 3170 linng.
926 3113 949 3158 l.
961 3112 986 3159 3.
998 3108 1055 3157 Pal.
1066 3110 1135 3158 Dtn.
1144 3108 1217 3157 Mod.
1230 3116 1258 3156 et

162 3168 221 3216 edd.
231 3166 349 3230 plurimes
362 3176 422 3218 unte
433 3170 550 3220 Freinsb.
558 3176 640 3220 sumtu
650 3171 779 3234 perspexit.
793 3173 902 3222 Vetat.
913 3174 948 3221 sic
960 3186 1006 3234 pro
1014 3173 1084 3220 siem.
1101 3171 1174 3221 neit.
1183 3172 1259 3221 Voss.

162 3232 257 3280 stim.
264 3231 339 3280 Med.
346 3241 373 3281 et
381 3235 438 3282 sliae
445 3233 504 3284 edd.
513 3243 574 3285 ante
585 3236 700 3284 Freinsh.
710 3235 864 3284 molebantur
873 3252 882 3292 ,·
899 3237 1013 3286 Florent.
1023 3244 1050 3285 et
1058 3237 1136 3284 Voss.
1143 3240 1165 3284 l.
1175 3235 1256 3282 emoli-

163 3295 276 3352 ebnatm
295 3296 380 3358 Bong.
393 3301 415 3344 l.
426 3301 450 3348 3.
463 3305 491 3347 et
502 3298 570 3349 Dan.
580 3299 771 3348 demoliebantur.
788 3300 894 3348 Vosm-
905 3308 933 3348 st
941 3299 999 3348 Pal.
1011 3304 1032 3348 Ι.
1043 3298 1258 3348 tumulisncmoles.

162 3357 237 3408 Voss.
245 3363 270 3407 2.
280 3359 305 3408 iu
312 3361 491 3410 merab-sl
504 3363 620 3412 Florem.
641 3361 717 3412 Voss.
727 3366 750 3413 1.
759 3364 827 3412 Dan.
836 3365 920 3426 Bong.
930 3372 957 3412 et
966 3363 1033 3413 Mer.
1042 3361 1258 3422 terresmgebeut.

164 3419 232 3471 rtis.
244 3424 343 3471 omittit
354 3426 446 3475 erdere.
461 3434 489 3474 et
500 3428 577 3489 paulo
589 3433 663 3489 post:
680 3427 771 3475 sulani
781 3426 956 3476 Μαι-33
973 3428 1041 3482 Mer.
1053 3426 1141 3475 militm
1154 3423 1260 3475 nebim.

162 3485 278 3534 florent.
290 3487 366 3549 vem.
383 3492 405 3536 1.
420 3491 503 3553 Bcng.
514 3491 588 3540 Mod.
600 3491 654 3539 Ele.
667 3492 699 3539 sl.
709 3505 751 3552 epe
761 3506 785 3554 q.
794 3506 817 3538 c.
827 3492 940 3552 adistat,-
965 3490 1037 3540 Laid.
1048 3505 1070 3537 o.
1080 3504 1106 3551 q.
1115 3503 1137 3538 e.
1148 3489 1261 3550 sdistnsg

163 3550 207 3598 sed
218 3549 385 3601 emendatum
400 3553 424 3600 in
436 3553 551 3616 margine
562 3555 671 3612 nuditum
695 3553 756 3604 Ald.
769 3555 825 3602 Pel.
837 3559 861 3602 l.
874 3555 931 3602 Col.
943 3553 1020 3602 Frob.
1032 3553 1094 3602 Bas.
1102 3559 1129 3602 et
1143 3552 1225 3601 Amet.
1236 3566 1257 3600 e.

161 3616 362 3674 p.c.eddsctus,·
389 3615 740 3667 Vesubomittitnddsetns.
773 3615 1073 3667 Pltb.Deorsmmmiae.
1107 3615 1170 3670 ΑΜ.
1179 3614 1256 3665 Frob.

163 3677 230 3728 Mer.
243 3679 304 3728 Bas.
317 3687 344 3728 et
356 3679 410 3728 Col.
423 3679 546 3750 omittunt
557 3687 581 3730 et
598 3691 659 3730 ante
675 3683 860 3731 exesam-td
876 3681 951 3731 Voss.
963 3684 987 3731 2.
1005 3683 1156 3732 emscmdaee
1173 3681 1200 3730 is
1217 3692 1259 3728 ns·-

654 3825 764 3876 NOTAE

194 3935 249 3985 ¹&
270 3936 364 4000 patrm
383 3937 465 4002 donis]
491 3935 551 3989 Atia
573 3939 689 4000 Curtius,
730 3939 840 3989 Homeri
858 3939 890 3989 ll.
909 3945 935 3989 ε.
953 3943 1011 3990 tte.
1028 3937 1061 3988 de
1079 3939 1183 3988 Venere
1198 3950 1260 3988 conr

162 4011 376 4062 slisPtntsrcbus
392 4013 473 4062 verba
483 4016 689 4077 representavit,
729 4020 799 4063 esset
818 4029 834 4062 ι
855 4013 981 4064 Diomede
1000 4015 1150 4073 vnlnerstn;
1168 4012 1215 4062 sed
1231 4012 1258 4062 in

163 4089 212 4136 ists
230 4087 363 4136 nimirum:
380 4088 463 4151 ‘Hie
478 4089 563 4152 amici,
575 4091 618 4152 qui
630 4088 688 4139 duit
729 4089 886 4139 eontrarium
897 4103 998 4139 sensum
1010 4089 1043 4139 ab
1054 4088 1203 4137 Alexandro
1213 4090 1258 4136 sd·

163 4162 264 4225 sanguis
280 4169 321 4211 ent
337 4163 472 4224 humanus,
491 4179 541 4214 nnn
560 4166 622 4214 tatis
631 4165 689 4216 Diis
728 4164 838 4215 dinetus:
856 4165 926 4227 ’ἰχὼρ
936 4164 984 4215 nida
994 4163 1130 4230 adpetitu
1140 4162 1257 4227 μακάρια·

164 4243 189 4287 nt
203 4239 285 4289 sslitm
300 4255 395 4290 masere
411 4239 503 4292 temo!
534 4241 631 4291 Versus
648 4247 687 4291 est
728 4259 752 4290 m
765 4242 845 4290 θεοῖσι.
