3025 4892
405 403 465 451 οι..
487 399 598 452 cxrrr.
619 387 652 451 l.
688 403 724 452 ι.
748 403 809 452 err.
833 403 869 452 rr.
890 385 968 454 327.
1168 387 1228 454 tel

132 546 182 608 ret
193 560 237 607 an
249 541 381 608 milites
394 541 422 623 3'
444 547 542 608 ‘cum
568 545 699 608 dnobus
719 544 856 627 regibus
871 543 1009 610 bellanti
1024 543 1091 609 sibi
1103 545 1232 630 majore

134 644 405 726 militnm,quam
422 645 602 726 agrestium
615 663 716 710 manu
739 665 827 728 opus
841 646 936 712 esse'
950 646 1134 729 respondit
1178 647 1232 711 1³.

135 745 295 811 Abisares
311 750 346 808 et
361 745 473 808 Porus
487 750 599 824 erant;
615 744 674 808 sed
690 746 726 808 in
740 745 833 811 Poro
846 748 1015 812 eminebat
1029 749 1232 813 auctoritas:

135 855 271 931 uterque
287 847 376 911 ultra
388 843 601 931 Hydaspen¹¹
623 865 755 912 amnem
777 849 961 930 regnabat3
983 855 1017 914 et
1028 849 1109 913 belli
1123 847 1233 914 lortu·

137 965 223 1025 uam,
238 947 396 1030 quisquis
411 967 503 1012 arma
517 947 664 1026 inferret,
679 947 823 1030 experiri
838 947 1045 1014 decreverat·
1080 949 1134 1012 lt.
1150 946 1233 1012 Om-

136 1048 224 1131 plris,
238 1051 455 1132 permittente
470 1047 679 1126 Alexandro,
693 1054 728 1113 ct
751 1049 876 1130 regium
894 1049 1025 1130 insigne
1047 1048 1177 1125 scmsit,
1199 1055 1234 1113 et

136 1169 228 1214 more
250 1151 358 1231 gentis
380 1169 451 1214 sure
478 1168 613 1226 nomen,
638 1149 729 1232 qnod
749 1144 878 1231 patris¹
899 1149 1021 1226 suerat,
1050 1148 1233 1214 ‘Taxilen'

137 1251 350 1334 appellavere
387 1251 578 1334 populares,
617 1257 778 1334 sequente
811 1252 948 1314 nomine
983 1251 1162 1334 imperium
1198 1252 1232 1314 in

136 1369 381 1434 quemcumque
395 1351 555 1416 transiret
599 1350 653 1414 15.
676 1349 768 1432 Ergo
782 1369 858 1415 curn
873 1370 934 1434 per
954 1350 1097 1417 uiduam
1115 1349 1233 1434 bospi-

20 1507 24 1522 .
136 1453 245 1517 taliter
267 1451 498 1516 Alexandrum
525 1450 722 1534 accepisset,
744 1457 864 1533 quarto
893 1450 959 1528 die,
980 1457 1017 1514 et
1047 1454 1233 1539 ‘quantum

133 1551 284 1616 frumenti
299 1551 422 1634 copiis,
438 1571 524 1635 quas
548 1551 776 1633 Hephaestion
789 1549 947 1630 duxerat,
962 1551 1138 1633 praebitum
1154 1571 1175 1616 a
1196 1573 1233 1616 se

136 1653 240 1716 esset’
261 1653 417 1731 ostendit,
431 1661 466 1718 ct
479 1670 597 1717 aureas
612 1670 751 1716 coronas
775 1653 843 1734 ipsi
866 1650 1052 1735 amicisque
1063 1653 1231 1732 omnibus,

135 1760 256 1836 praeter
276 1753 349 1818 haec
374 1754 524 1835 signatim
553 1754 682 1834 argenti
707 1767 837 1817 lxxxx,
866 1753 994 1818 talenta
1014 1753 1104 1818 dono
1120 1754 1231 1820 dedit:

136 1856 188 1919 16.
203 1873 273 1938 qua
287 1855 493 1937 benignitate
507 1855 582 1938 ejus
604 1853 801 1918 Alexander
814 1854 898 1918 miro
917 1854 1025 1928 laetus,
1046 1862 1092 1932 et,
1107 1873 1186 1938 quae
1200 1856 1232 1918 is

136 1956 284 2034 dederat,
300 1959 441 2032 remisit,
457 1965 492 2020 et
505 1957 596 2021 mille
610 1955 738 2020 talenta
752 1975 794 2020 ex
809 1955 939 2038 praeda,
961 1975 1063 2038 quam
1077 1955 1232 2034 vehebat,

136 2055 271 2141 adjecit,
291 2059 463 2140 multaque
487 2056 677 2122 convivalia
691 2075 736 2120 ex
750 2076 834 2120 auro
847 2063 880 2120 et
895 2062 1033 2139 argento
1051 2076 1147 2133 vasa,
1161 2057 1234 2142 plu-

136 2157 254 2222 rimum
277 2160 427 2225 Persicas
451 2162 568 2237 vestis,
592 2174 695 2222 xxx.
711 2177 817 2242 equos
839 2177 884 2223 ex
907 2161 1087 2236 suiacum
1111 2159 1232 2223 iisdem

135 2260 331 2342 insignibus,
356 2261 432 2344 quis
461 2265 689 2338 assueverant,
715 2279 793 2324 cum
820 2261 935 2343 ipsum
964 2260 1133 2324 veherent.
1177 2259 1231 2322 17.

137 2357 225 2436 Quae
248 2359 444 2439 liberalitas,
463 2362 554 2427 sicut
575 2362 754 2427 barbamm
777 2361 1017 2436 obstrinxerat,
1032 2361 1083 2424 ita
1103 2358 1231 2423 amicos

591 2553 774 2577 ΟΜΙΙΜΝΟ

137 2688 211 2738 Frob.
232 2689 302 2738 bier.
320 2689 381 2737 Bra.
399 2695 427 2738 et
447 2687 503 2738 Col.
524 2688 660 2738 Abicrorer.
693 2689 808 2738 Floreat.
819 2689 928 2748 ducque
939 2686 1093 2750 Hydacpm
1120 2671 1192 2734 ueie.
1204 2692 1232 2734 et

136 2754 210 2803 Voss.
221 2757 245 2801 1.
256 2753 321 2802 retra
332 2751 486 2816 Hydoepmr
503 2753 579 2802 Vota.
597 2753 693 2802 2·er
709 2753 835 2816 rmum,
860 2751 930 2800 Pith.
941 2765 965 2798 ι.
977 2749 1109 2812 lirpadear
1133 2749 1232 2798 Farreb.

135 2833 158 2868 ι.
168 2817 364 2866 bladum-lt
380 2816 496 2865 Floreat.
506 2821 530 2864 et
539 2831 640 2878 regnum
649 2818 753 2878 tangar.
788 2815 854 2864 Edd.
866 2822 931 2864 vett.
944 2814 1051 2862 Taxilen
1058 2829 1068 2870 ,·
1091 2811 1167 2862 codd.
1178 2828 1236 2868 curs

136 2895 180 2931 ner
194 2889 221 2928 et
234 2879 295 2928 edd.
309 2887 420 2930 recentt.
444 2880 551 2929 Taxilen.
579 2880 815 2930 Voss.2.etPitlr.
831 2881 1040 2942 mecummet
1057 2877 1139 2926 ceteri
1155 2875 1233 2926 codd.

134 2945 405 3006 lummene-15
423 2945 538 2994 Florent.
548 2944 620 2993 nord.
631 2943 707 2994 Voss.
723 2949 745 2993 1.
763 2949 788 2994 2.
806 2951 833 2993 et
845 2945 929 3006 Bonp.
941 2943 1091 3003 lgbuream·
1122 2941 1200 2988 Voce.
1208 2944 1232 2989 1.

134 3009 232 3058 omittit
242 3009 416 3057 Alexandrum.
451 3007 508 3057 Pol.
519 3012 542 3057 1·
559 3009 682 3072 receptare
689 3025 699 3066 ,·
727 3008 967 3069 Pitumnum
995 3005 1076 3055 ceteri
1088 3005 1234 3067 acceptaret:

134 3072 216 3135 Boug.
230 3076 255 3121 1.
266 3075 291 3120 2.
300 3077 384 3134 qmrto
395 3076 516 3135 portum
524 3073 572 3122 die.
605 3073 723 3123 Floreat.
735 3072 809 3122 Leid.
820 3072 897 3120 Voce.
910 3075 933 3120 1.
953 3071 1038 3132 Bong.
1050 3073 1074 3117 l.
1084 3072 1110 3116 2.
1126 3069 1195 3116 Mer.
1204 3077 1233 3117 et

135 3137 190 3185 Col.
201 3136 349 3200 pratioar
365 3136 442 3185 Voss.
454 3141 478 3184 2.
490 3137 620 3200 Ephraim
637 3135 697 3186 Ald.
710 3135 865 3198 Hepbertloa.
883 3134 942 3183 ard.
951 3134 1036 3183 Colin.
1045 3131 1231 3195 Gryplr.l·‘rob.

135 3199 202 3250 bier.
218 3201 281 3248 Bae.
298 3207 324 3248 et
342 3200 399 3250 Col.
415 3201 495 3248 duxit.
528 3201 603 3250 Vota.
615 3205 640 3249 2.
655 3200 795 3262 octuaginta
814 3202 981 3275 talenta-319
996 3198 1070 3274 liora.
1089 3200 1114 3244 2.
1133 3197 1169 3245 etr
1185 3209 1232 3257 pro

135 3279 196 3376 ffri
207 3264 324 3375 vidiri.
333 3265 898 3390 wssrfflffldoffffiffig
909 3329 931 3373 1.
941 3329 965 3376 ι.
976 3259 1232 3387 φυνιῖΐῗκιῖᾱιξ

135 3395 333 3440 mmet-lt
353 3391 407 3441 Ele.
425 3391 535 3454 aliaque
547 3391 667 3455 quaedam
685 3391 746 3440 edd.
762 3398 824 3440 ante
843 3390 1151 3442 Freinsh.cdrtrrarrerot,·
1177 3386 1233 3433 Fto·

136 3463 202 3505 rent.
220 3454 296 3504 Laid.
307 3454 383 3503 Voss.
394 3460 420 3504 1.
431 3459 456 3503 ι.
465 3453 524 3506 Ald.
535 3455 620 3506 Collo.
631 3455 732 3519 Gryplr.
743 3455 813 3505 Mer.
824 3455 884 3504 Bar.
896 3453 952 3503 Col.
971 3458 998 3501 et
1017 3451 1102 3499 Amet.
1113 3448 1233 3498 maan·

631 3619 738 3672 NOTAE

168 3749 179 3782 ¹
197 3747 336 3813 Hydaspen]
355 3747 536 3814 inferioacap.
547 3753 588 3800 18.
704 3746 793 3796 Taxili
808 3746 841 3797 ab
857 3745 929 3808 orbe,
946 3759 978 3793 ιι
997 3757 1012 3793 ι
1030 3757 1090 3806 rege
1109 3743 1232 3794 ‘'l'axllr'

166 3825 260 3882 'Quod
278 3825 367 3889 putris]
394 3825 454 3876 Non
476 3827 558 3890 patris
574 3828 664 3889 solnm,
704 3824 836 3888 appellata
856 3823 928 3872 rint?
954 3819 1032 3870 Adde
1049 3818 1116 3882 quod
1131 3819 1233 3882 Curtio,

138 3901 180 3950 ted
199 3915 287 3966 regum
306 3900 419 3950 omniurn
438 3900 610 3963 decessorum,
626 3917 663 3952 re·
704 3899 821 3962 siputrlae
835 3897 951 3946 scribere
967 3895 1103 3957 volutaret,
1118 3895 1232 3944 scriben-

139 3983 219 4039 mre
237 3979 329 4026 nonin
349 3976 480 4038 imperinm.
520 3978 664 4040 Propterea
704 3975 916 4038 directricem
929 3973 1017 4036 patric
1025 3977 1155 4034 manoe,
1170 3976 1233 4033 qaod

141 4053 280 4114 suspicatur
308 4052 496 4102 Freinshemius
527 4053 662 4115 legendum
695 4053 790 4111 suerat.

141 4126 221 4184 petria
239 4139 288 4175 nou
308 4127 401 4188 patr-in
424 4127 478 4176 urbi
498 4127 566 4176 enirn
583 4128 663 4190 regias
734 4137 753 4164 ¹¹¹
769 4126 880 4191 sigum]
899 4125 968 4176 Vide
989 4126 1034 4175 lib.
1052 4138 1095 4175 ιιι.
1112 4140 1172 4190 cap.
1189 4129 1230 4176 lt.

142 4199 254 4248 ‘Tariln'
267 4215 359 4250 nornen
370 4199 428 4251 fuir.
461 4201 512 4251 Sed
524 4203 580 4266 quis
592 4201 663 4252 dicct
705 4203 815 4267 Teleste]
829 4201 941 4253 ibidem.
