3025 4892
343 851 409 945 Q.
461 830 760 946 'cunru
815 853 1031 964 unni,

438 1112 516 1189 DE
550 1113 728 1192 REBUS
762 1112 945 1192 GESTIS

206 1323 566 1421 ALEXANDRI‘
586 1335 751 1416 REGIS
793 1334 1174 1424 MACEDONUM.

547 1572 715 1650 LIBER
755 1572 837 1647 lx.

494 1831 892 1844 *n———n———u

553 2062 839 2111 ARGUMEN'I'UM.

153 2223 213 2273 Cer.
233 2238 252 2274 ι.
286 2225 357 2275 Ροιο
382 2225 462 2285 sicto,
478 2221 511 2272 ad
528 2221 665 2286 Hyphasin
683 2236 764 2287 neque
784 2230 905 2286 penetret
925 2225 1085 2288 Alexander,
1107 2228 1240 2292 rariusque

180 2312 268 2364 gentes
279 2310 308 2352 et
320 2303 406 2358 urbes,
415 2315 521 2366 qustum
529 2315 612 2351 mores
621 2301 813 2364 describuntur,
822 2303 871 2352 ribi
881 2303 996 2368 rnlrjiclt.
1028 2319 1060 2354 ιι.
1077 2305 1240 2369 Guugeridsa

179 2392 206 2432 et
215 2383 368 2433 Pltsrraaios
379 2395 548 2445 aggressurae
557 2382 654 2433 milltes
664 2381 789 2447 irrigatus
802 2391 830 2433 et
845 2382 941 2434 bellurn
953 2383 1130 2435 detrectantes
1142 2385 1174 2434 ud
1185 2399 1242 2449 per·

180 2463 350 2512 seremtiern
361 2464 489 2512 donator.
521 2475 566 2512 ιιι.
584 2463 679 2512 conos
694 2462 804 2513 rnilitum
820 2463 922 2514 uuntlne
932 2464 1083 2516 Alexsndro
1094 2465 1242 2530 respondet,

179 2549 205 2592 et
213 2545 290 2607 paulo
300 2551 361 2607 port
372 2544 461 2593 morbo
471 2543 639 2607 extinguitur.
673 2543 850 2594 Monumeutls
861 2544 1035 2609 expeditionis
1046 2546 1151 2609 erectis,
1161 2545 1239 2596 Alex·

182 2625 257 2674 sodor
270 2625 305 2673 ad
318 2621 462 2687 ilydsspen
474 2623 627 2684 revertitur,
637 2623 772 2690 oleaeque
784 2632 875 2688 persis
885 2625 999 2676 setrrudo
1009 2639 1084 2674 annue
1095 2624 1241 2676 deroltitnr.

181 2717 217 2754 rr.
231 2704 361 2755 Pervenit
369 2704 519 2755 Alexander
530 2704 564 2754 nd
573 2703 674 2761 doulos,
684 2712 713 2754 et
723 2711 784 2768 puni
795 2717 914 2767 maguum
923 2707 1065 2768 perieulum
1073 2707 1099 2754 ln
1110 2704 1242 2755 ilrrrnlnsns

181 2784 366 2836 moestitiis
381 2785 415 2834 ed
430 2780 525 2834 Mallos
535 2792 564 2834 et
576 2785 747 2848 Oxydrsem
765 2786 808 2834 ubi
819 2787 936 2835 oratioue
947 2784 980 2835 sd
999 2786 1095 2835 milites
1104 2785 1241 2835 sediilonos

180 2865 267 2916 habits
285 2866 411 2916 bawaros
426 2863 663 2931 septenumque
678 2867 811 2931 oppidum,
821 2871 954 2918 contemto
965 2865 1163 2930 Demophoonta
1175 2873 1244 2927 sate,

181 2946 292 2997 obsidet.
327 2961 356 2997 r.
374 2947 516 3012 Postqusos
527 2944 677 2996 Alexander
687 2945 819 3011 precipiti
830 2946 898 2995 sellu
909 2959 937 2995 se
950 2945 977 2995 in
994 2945 1084 2996 urbem
1094 2945 1245 3007 irnusisarst,

179 3021 292 3090 'praelier
311 3027 461 3076 vulneretur
480 3027 570 3076 ultimo
582 3025 688 3076 moen
704 3027 848 3076 discrimini
863 3041 880 3075 e
898 3026 951 3076 suis
969 3026 1085 3088 eripitur.
1118 3027 1242 3088 Megnuut

181 3109 233 3170 eins
248 3121 284 3157 ex
303 3107 409 3154 vnlnere
425 3105 577 3169 perieulum.
611 3118 649 3156 rr.
666 3105 791 3155 Nondum
802 3105 865 3156 satis
875 3111 967 3156 enretu
978 3106 1095 3170 vulnere,
1106 3120 1135 3155 ae
1146 3107 1243 3169 pariere

182 3189 345 3238 erodentibus
357 3187 481 3250 ostendit,
492 3193 569 3251 atque
587 3187 620 3236 ab
637 3187 728 3237 etnicis
743 3196 858 3251 rogetus,
876 3193 905 3236 ut
924 3186 1002 3237 saluti
1013 3200 1065 3236 anae
1079 3185 1243 3250 publiceque

181 3279 306 3330 parceret.
318 3281 444 3332 genetore
461 3267 612 3331 respondet,
630 3268 655 3316 lu
668 3267 789 3317 instituto
800 3281 846 3316 sito
862 3265 896 3316 de
907 3265 970 3316 orbe
982 3266 1110 3316 domando
1123 3279 1244 3328 persera-

181 3364 247 3398 rens.
280 3363 330 3398 ιιι.
348 3347 440 3397 ornei
451 3349 477 3396 iu
488 3348 633 3398 Bactriana
641 3347 782 3410 defiuiuut;
798 3347 874 3397 Malli
893 3353 920 3396 et
934 3346 1082 3410 Oxydrsuse
1095 3361 1123 3395 se
1134 3343 1243 3396 dedunt.

182 3429 307 3479 ilomtss
327 3436 355 3477 et
376 3429 522 3491 Dioxippus
542 3427 683 3491 irnperibus
701 3427 779 3478 annin
796 3434 929 3477 eertsmen
945 3428 1074 3491 singultire
1085 3427 1244 3490 depugnant.

183 3509 261 3558 Paulo
280 3517 339 3572 puat
351 3507 500 3570 Dioxippus
511 3507 671 3557 inimieorum
685 3507 818 3557 cdnmuiis
836 3507 903 3556 nltre
919 3505 1022 3556 mudum
1034 3506 1149 3558 irritetur
1160 3517 1245 3558 seruet

182 3593 262 3652 ipsun
272 3588 409 3639 interimit.
443 3600 507 3636 vrtt-
523 3587 609 3636 Douls
621 3585 655 3637 ab
666 3585 790 3636 Indorum
803 3586 894 3650 legetis
907 3588 1031 3650 receptis,
1050 3586 1164 3639 seeundo
1175 3587 1242 3637 ludo

183 3671 315 3719 devehitur
325 3665 476 3717 Alexander
486 3667 520 3716 ad
531 3668 697 3729 Pstteieuen,
709 3667 813 3717 domitii
825 3666 944 3731 gentibus
955 3666 1049 3717 tlunreu
1059 3667 1242 3717 accolentibus.

182 3749 313 3800 Prolatooei
333 3749 427 3797 suiuus
448 3748 572 3797 miraculo
593 3757 720 3799 sonetum.
760 3761 803 3798 rx.
820 3747 979 3811 Alexander,
999 3749 1121 3812 cupidine
1143 3747 1242 3797 risendi

185 3829 278 3878 Oceani
289 3837 437 3892 correptus,
447 3841 497 3876 oon
509 3831 566 3877 sine
577 3827 698 3892 perieulis
708 3837 816 3892 propter
828 3835 907 3878 aestus
920 3829 1059 3878 meritirnoe
1071 3837 1241 3879 etnsutatnru

185 3909 333 3973 inperitisru
344 3907 448 3957 taudem
462 3910 516 3957 soti
527 3909 565 3958 stri
577 3924 683 3974 compos
693 3910 820 3959 redditur.
855 3921 881 3958 x.
900 3909 1020 3960 Neereiru
1031 3909 1133 3969 relicto,
1144 3915 1173 3957 nt
1184 3923 1242 3957 cum

187 3991 262 4038 classe
272 4004 319 4051 per
329 3989 465 4038 Oceanum
477 3996 663 4050 reverteretur,
671 3990 726 4053 ipse
737 4001 783 4038 res
795 3995 854 4052 post
861 3989 978 4051 lryement
987 4002 1035 4052 pet
1043 3987 1173 4050 Arabitus,
1182 3987 1242 4037 0ιὶ-

189 4070 388 4134 tss,etiugentls
399 4068 534 4118 Gedrosia
544 4067 648 4119 deserta
658 4077 754 4124 moret,
766 4067 809 4118 ubi
821 4068 951 4118 exercitus
960 4082 1017 4118 cuns
1026 4082 1124 4116 summe
1135 4067 1204 4118 issue
1215 4075 1242 4118 et
1320 4112 1327 4126 ,

188 4151 327 4210 pestilentia
344 4150 467 4200 luctetur.
500 4149 613 4201 'l'suderu
630 4149 754 4200 liberetur
769 4147 986 4199 uomenrabunrlus
1003 4156 1030 4198 et
1041 4147 1241 4200 bacchabundus

193 4243 234 4290 per
243 4229 400 4280 Carmauirm
413 4228 520 4279 incedit.
