3025 4892
465 321 523 370 en.
546 320 658 371 cxnr.
678 284 710 372 '1.
749 324 786 372 e.
810 323 871 372 cu.
892 323 933 373 n.
953 307 1028 374 828.
1212 309 1277 377 cte

179 463 268 530 nent.
310 465 366 530 14.
389 463 577 530 Evaserant
603 469 715 533 temen
742 465 937 531 Alexander
964 471 999 532 et
1023 464 1162 546 Clrerns,
1193 486 1279 550 qnos

180 583 256 629 cnm
271 581 376 631 xxx.
399 564 542 630 delectis
557 566 763 648 praemiserat
781 584 853 643 rex,
866 572 898 630 et
915 566 987 648 jam
1010 585 1159 649 pugnero
1174 569 1279 633 comi·

179 685 242 730 nne
262 674 463 752 emperant;
485 668 544 732 sed
568 687 645 732 cnm
669 685 809 751 superne
830 667 902 731 tela
922 668 1058 732 barbari
1079 669 1278 750 ingererent,

180 764 308 850 saepius
343 769 411 853 ipsi
448 770 659 846 feriebantur,
690 788 790 852 qnam
819 768 1049 833 vulnerabant
1107 770 1161 832 15.
1190 769 1278 853 Ergo

180 868 388 949 Alexander,
410 877 448 948 οῖ.
459 871 600 934 nominis
616 871 670 935 sni
689 875 723 936 et
737 869 896 951 promissi
911 889 1048 946 memor,
1063 869 1144 934 dnm
1157 874 1278 948 nerins,

179 991 281 1054 quem
308 974 438 1037 centius
462 972 612 1048 dimicat,
636 971 819 1040 confossus
844 971 994 1052 undique
1016 971 1181 1036 obruitur.
1225 973 1279 1038 16.

181 1072 294 1151 Quem
314 1080 352 1136 nt
370 1073 500 1138 Charus
510 1074 679 1156 jacentem
695 1073 882 1156 conspexit,
904 1091 999 1136 ruere
1013 1072 1050 1135 in
1063 1072 1196 1138 bostem
1211 1093 1280 1137 om·

180 1175 271 1238 nium
293 1179 416 1257 preeter
438 1174 599 1240 ultionem
620 1174 792 1258 immemor
814 1173 934 1255 coepit,
957 1175 1149 1257 multosque
1168 1173 1279 1252 haste,

181 1276 349 1360 quosdam
364 1275 477 1358 gladio
497 1275 670 1341 interemit·
714 1275 767 1339 17.
790 1273 858 1338 Sed
880 1293 958 1338 cnm
981 1280 1032 1338 tot
1053 1294 1156 1339 unum
1170 1277 1280 1342 inces-

179 1385 289 1444 serent
316 1395 447 1453 manus,
479 1394 576 1458 super
603 1375 704 1440 amici
733 1391 856 1458 corpus
885 1377 1070 1458 procubuit
1104 1377 1280 1442 exanimis·

181 1475 285 1541 Hand
311 1495 423 1552 secus,
453 1493 552 1558 quam
579 1494 641 1559 par
668 1481 752 1548 erat,
781 1476 1084 1556 promtissimornm
1110 1477 1278 1560 juvenum

180 1585 433 1660 ceterorumque
461 1577 601 1642 militum
627 1577 762 1641 interitu
788 1584 977 1641 commotus
1000 1596 1062 1642 rex
1076 1579 1209 1660 signnm
1229 1599 1282 1644 re·

181 1679 294 1762 captui
316 1679 419 1744 dedit.
464 1679 517 1744 18.
539 1678 654 1744 Saluti
676 1678 753 1753 suit,
770 1678 861 1760 qnod
884 1679 1012 1742 sensim
1026 1684 1059 1742 et
1073 1680 1227 1762 intrepidi
1241 1701 1280 1746 se

179 1788 396 1864 receperunt;
418 1786 453 1844 et
467 1781 614 1857 barbari,
628 1782 759 1845 hostem
775 1778 945 1862 depulisse
959 1781 1120 1856 contenti,
1143 1798 1213 1845 non
1225 1781 1277 1845 in-

182 1883 294 1947 stitere
321 1881 554 1946 cedentibus!
594 1881 647 1946 19.
669 1881 822 1947 Ceterum
848 1879 1040 1946 Alexander
1064 1899 1142 1946 cnm
1170 1889 1279 1949 statn-

180 1984 263 2048 isset
277 1983 442 2048 desistere
457 1984 609 2066 incepto,
623 1982 768 2068 (quippe
783 1984 875 2046 nulla
888 2003 968 2066 spes
979 1982 1156 2066 potiundee
1171 1989 1277 2066 petrae

181 2082 398 2167 offerebatur)
420 2091 529 2148 temen
552 2085 703 2168 speciem
717 2084 861 2148 ostendit
882 2085 915 2147 in
930 2083 1106 2148 obsidione
1121 2103 1278 2167 perseve-

180 2185 294 2248 rantis.
338 2183 431 2248 Nam
447 2188 501 2250 ‘et
516 2184 631 2250 itinera
646 2185 790 2250 obsideri
805 2184 812 2209 ’
831 2185 948 2267 jussit,
972 2189 1026 2248 ‘et
1040 2191 1146 2249 turres
1160 2184 1277 2250 admo-

180 2287 256 2361 veri,
283 2292 317 2350 et
338 2286 490 2368 fatigatis
518 2287 604 2351 alios
634 2285 839 2352 succedere’
881 2287 936 2352 20.
959 2286 1066 2368 Cujus
1089 2286 1278 2368 pertinacis

180 2387 326 2469 cognita,
341 2386 419 2452 Indi
435 2407 495 2471 per
516 2388 656 2454 biduum
672 2388 806 2471 quidem
822 2409 863 2453 ec
885 2387 971 2452 duas
986 2395 1115 2465 noctes,
1130 2404 1207 2450 cum
1222 2405 1278 2449 os·

180 2489 361 2554 tentatione
375 2507 445 2552 non
468 2489 602 2556 fidnciae
623 2490 736 2568 modo,
763 2491 823 2556 sed
850 2491 953 2554 etiem
975 2489 1136 2564 victoriae,
1151 2487 1278 2570 epulati

180 2597 266 2666 sumt,
282 2601 444 2673 tympana
464 2609 527 2654 suo
552 2609 643 2655 more
666 2591 857 2673 pulsantes:
889 2589 944 2652 21.
967 2589 1062 2652 tertie
1083 2605 1163 2650 vero
1178 2593 1277 2651 nocte

180 2695 411 2774 tympanorum
425 2689 563 2776 quidem
579 2689 738 2774 strepitus
753 2690 900 2755 desierat
916 2688 1026 2753 audiri
1042 2707 1050 2750 :
1071 2692 1215 2751 ceterum
1230 2706 1276 2751 ex

180 2798 248 2855 tota
263 2797 360 2876 petra
372 2791 466 2856 iaces
487 2792 708 2875 refulgebant,
731 2813 816 2876 quas
838 2791 1061 2855 accenderant
1080 2788 1225 2866 barbari,
1241 2793 1278 2851 nt

180 2891 282 2956 tutior
297 2900 386 2957 esset
400 2894 487 2975 ipsis
508 2893 597 2975 luga,
613 2895 761 2958 obscura
774 2901 873 2958 nocte
895 2913 956 2976 per
975 2891 1069 2955 inrie
1092 2909 1179 2954 saxa
1202 2907 1278 2953 cnr·

179 2991 274 3055 suris.
319 2991 372 3056 22
388 2992 478 3069 Rex,
494 2993 650 3071 Balacro,
666 2995 724 3078 qui
738 2994 979 3076 specularetur,
996 2991 1184 3074 praemisso,
1198 3009 1277 3072 cog·

179 3093 297 3168 noscit,
324 3097 474 3176 ‘petram
498 3095 578 3176 iuga
599 3094 756 3160 Indorum
779 3114 856 3158 esee
882 3093 1051 3158 desertam
1066 3089 1087 3156 τ’
1109 3099 1180 3154 tum
1194 3090 1275 3155 dato

181 3192 286 3274 signo,
314 3199 352 3257 nt
373 3195 521 3260 universi
546 3195 802 3268 conclamarent,
825 3195 1050 3279 incomposite
1071 3192 1275 3276 fugientibus

205 3389 221 3432 J
232 3394 361 3444 Persecuti
370 3409 416 3444 nen
424 3401 479 3446 sent
489 3411 527 3447 eos
535 3397 576 3463 esi
586 3412 611 3447 re
622 3397 775 3461 recipiebant.

178 3697 267 3760 piritu.
284 3699 360 3748 Voss.
375 3705 396 3750 l.
408 3706 432 3749 et
442 3703 457 3752 l.
469 3703 647 3762 gradem—ld
658 3699 727 3750 Mer.
737 3701 921 3762 ipsiserielost.
938 3701 1010 3750 Pitlr.
1022 3702 1163 3755 manente
1180 3697 1237 3746 Pel.
1250 3703 1273 3749 l.

179 3771 206 3812 et
220 3763 288 3813 bier.
298 3764 553 3814 coemeram-re
571 3763 645 3813 von.
661 3769 686 3813 2.
704 3765 802 3815 omittit
812 3770 836 3814 et
847 3774 907 3815 ente
917 3766 1094 3814 maisin—ld
1110 3761 1177 3812 ude.
1190 3764 1275 3825 vnlgg.

178 3830 236 3875 ente
256 3827 372 3877 Freinslr.
391 3831 494 3892 respexit
503 3845 513 3887 ‚·
538 3829 653 3878 Florent.
673 3830 744 3880 Leid.
762 3831 836 3879 Voss.
848 3835 872 3880 l.
890 3833 914 3879 2.
933 3828 994 3878 nid.
1014 3836 1041 3877 et
1060 3828 1127 3877 Mer.
1144 3827 1273 3890 conspexit.

179 3889 250 3938 Vere.
265 3896 289 3940 l.
297 3899 326 3942 et
338 3891 422 3955 Bong.
430 3897 454 3941 2.
463 3893 587 3956 procrebuit
598 3895 719 3943 meimet
725 3909 734 3951 ‚·
749 3894 832 3956 Bone·
842 3899 865 3944 l.
871 3908 896 3957 p.
906 3894 1032 3953 amictu,
1042 3900 1071 3940 et
1079 3905 1209 3953 eupnscr.
1220 3906 1274 3940 e.-

180 3957 209 4002 li
226 3954 283 4003 Pel.
297 3960 320 4004 1.
332 3957 486 4018 emittitque
500 3969 559 4032 post
571 3964 709 4008 ceterorum.
743 3959 812 4006 Pitlr.
828 3962 955 4006 commetes
970 3957 1147 4006 orente—re
1164 3957 1238 4005 Voce.
1249 3961 1274 4006 2.

181 4019 272 4067 emittit
291 4025 314 4068 et
337 4031 397 4069 eure
416 4022 541 4083 intrepidi.
576 4023 660 4082 Borrg.
675 4027 699 4070 l.
718 4023 853 4084 depulsisee.
885 4021 943 4070 Pel.
953 4025 976 4069 1.
995 4036 1041 4069 serr
1058 4022 1077 4068 i.
1096 4021 1274 4077 recedentibus,-

182 4079 238 4129 ΑΜ.
247 4098 293 4130 non
304 4085 323 4131 i.
334 4085 553 4133 comita-1⁹
570 4081 627 4134 Pel.
641 4091 664 4134 l.
675 4090 770 4134 tontum
779 4087 904 4148 specimen.
936 4085 1051 4135 Florent.
1068 4085 1143 4134 leid.
1163 4083 1238 4133 Voss.
1251 4087 1273 4131 l.

182 4153 206 4192 et
217 4146 283 4197 Den.
295 4147 514 4198 omnemne-nc
532 4149 590 4198 Pal.
603 4153 626 4198 l.
642 4162 686 4212 per
696 4149 791 4200 biduum
802 4151 972 4213 quidem-22
991 4149 1068 4200 Voss.
1086 4153 1110 4201 2.
1131 4147 1274 4198 Balatro.—
