3025 4892
281 365 347 430 750
477 393 479 399 ·
521 381 554 440 o.
577 377 708 428 curru
734 378 823 428 corr
850 378 920 426 uro.
943 377 985 428 x.
1008 379 1090 428 oar.
1110 361 1143 428 θ.

280 529 363 587 rent
405 523 438 586 5.
460 521 552 587 Naro
571 539 647 584 oum
665 523 803 603 postero
821 517 878 584 die
900 517 1059 602 prohibiti
1080 517 1172 583 aditu
1186 517 1377 595 venisseut,¹

280 623 443 688 Asiaticis
455 622 555 686 modo
577 621 743 684 militibus
769 619 937 696 admissio,
951 621 1123 701 lugubrem
1149 618 1230 684 totis
1251 620 1374 683 castris

280 724 415 788 edidere
436 724 624 799 clamorem,
644 721 886 799 denuntiantes,
900 723 956 784 ‘se
969 721 1122 804 pretioue
1142 737 1216 783 esse
1234 719 1374 782 moritu-

281 843 346 899 ros,
361 825 392 888 si
406 843 468 888 rex
490 829 718 906 perseveraret
740 818 865 884 irasci!
906 820 939 886 6.
963 821 1011 886 At
1035 819 1104 898 iiie,
1121 820 1307 902 pervicacis
1328 817 1374 882 ad
1498 851 1499 854 π

282 925 403 1001 omnia,
417 944 493 1008 quae
517 925 686 1005 agitasset,
705 922 817 998 anirui,
833 921 1103 1004 ‘peregrinorum
1126 921 1268 984 militurn
1292 939 1375 984 con·

282 1026 412 1089 cionem
426 1021 603 1089 advocari’
617 1024 728 1106 jubet,
743 1028 753 1057 ⁴
771 1023 1014 1087 Macedonibus
1040 1023 1127 1086 iutro
1148 1027 1259 1086 oseca
1278 1020 1375 1084 coiri·

282 1124 393 1191 bitisz’
407 1133 443 1189 et
460 1145 535 1190 cum
558 1125 745 1208 frequentes
771 1124 931 1202 coissent,
947 1123 1097 1188 adhibito
1123 1123 1300 1207 interprete
1322 1127 1375 1187 tu·

283 1228 349 1290 lem
363 1227 547 1290 orationem
568 1225 693 1289 habuit.
737 1227 771 1288 7.
792 1223 906 1288 ‘Cum
920 1243 966 1288 ex
982 1223 1117 1306 Europa
1130 1223 1316 1306 trajicerem
1336 1224 1374 1288 in

283 1325 415 1404 Asiam,
428 1327 551 1391 mrrltas
574 1326 705 1390 nobiles
730 1329 854 1406 gentes,
866 1342 1021 1405 magnam
1035 1323 1105 1388 vim
1129 1323 1295 1387 hominurn
1310 1323 1375 1388 iur-

281 1429 378 1510 perio
399 1447 474 1491 meo
501 1447 554 1492 me
577 1425 764 1490 additurum
786 1443 862 1488 esso
881 1425 1070 1508 sperabam.
1113 1422 1189 1488 Nec
1212 1423 1375 1507 deceptus

282 1549 368 1606 sum,
381 1527 473 1611 quod
492 1529 534 1591 de
546 1528 598 1591 hio
611 1525 737 1589 credidi
751 1525 859 1590 sarum.
900 1525 932 1589 8.
948 1525 1015 1588 Sed
1028 1525 1070 1589 ad
1085 1525 1144 1589 illa
1157 1525 1223 1607 doc
1238 1542 1375 1608 quoquo

282 1629 437 1705 accessit,
456 1629 548 1711 quod
561 1627 661 1691 video
684 1627 787 1690 fortes
811 1627 900 1690 viros
920 1645 998 1708 erga
1015 1645 1109 1708 rogos
1131 1644 1214 1690 suos
1237 1627 1374 1710 pietatis

282 1727 426 1793 invictae.
469 1728 501 1793 9.
525 1729 624 1792 Luxu
646 1728 759 1793 omnia
782 1727 886 1791 duero
910 1727 1121 1805 credideram,
1136 1734 1171 1792 ot
1184 1727 1290 1790 nimia
1302 1725 1376 1790 seli·

282 1831 382 1894 citato
405 1831 506 1912 mergi
522 1831 558 1892 in
572 1830 782 1912 voluptates:
806 1835 841 1893 at
862 1829 998 1894 hercule
1022 1829 1135 1892 munia
1156 1827 1284 1892 militiae
1307 1827 1375 1892 hoo

282 1931 463 1995 animorum
478 1949 724 2014 corporumque
744 1931 863 1995 robore
884 1949 981 2014 teque
995 1929 1134 2013 impigre
1148 1928 1312 2005 toleretis,
1327 1937 1375 2007 et,

282 2049 359 2095 cum
380 2031 484 2095 fortes
497 2031 561 2095 riri
582 2030 667 2107 sitis,
681 2049 747 2094 nou
767 2030 996 2095 fortitudinem
1013 2030 1133 2112 magis,
1148 2047 1249 2113 quaro
1269 2027 1374 2094 fidem

281 2130 404 2196 colitis.
446 2133 501 2196 10.
527 2131 607 2195 Hoc
633 2151 695 2213 ego
721 2151 808 2196 nunc
836 2131 976 2216 primum
1004 2130 1174 2215 profiteor,
1199 2128 1259 2192 sed
1290 2131 1376 2195 olim

281 2231 365 2296 ecio.
407 2231 526 2315 Itaque
541 2238 575 2296 et
589 2231 773 2297 delectum*
787 2253 806 2296 e
822 2233 919 2298 robis
937 2233 1105 2317 juniorum
1119 2231 1239 2311 habui3
1264 2237 1299 2295 et
1312 2249 1375 2296 ros

280 2349 428 2396 meorum
448 2332 593 2396 militum
607 2333 740 2416 corpori
763 2333 943 2398 immiscui.
982 2334 1077 2398 Idem
1098 2332 1242 2410 habitus,
1254 2333 1375 2396 eadem

281 2450 373 2495 arura
386 2439 462 2497 sunt
475 2434 589 2496 robis:
613 2431 813 2514 obsequium
826 2451 901 2498 vero
915 2439 950 2497 et
962 2432 1124 2516 patientia
1134 2432 1264 2514 imperii
1276 2432 1376 2514 louge

281 2533 493 2613 praestantior
522 2539 588 2609 est,
614 2551 716 2614 quam
741 2532 871 2598 ceteris.
913 2533 965 2598 11.
993 2531 1081 2614 Ergo
1110 2533 1184 2614 ipso
1211 2529 1376 2598 Oxathris

277 2824 328 2884 pie.
361 2822 467 2872 Rectius
479 2822 542 2885 tegit
552 2823 739 2874 Honmsunus:
754 2828 783 2874 st
797 2823 947 2874 omnious
955 2823 1045 2886 siagrii
1055 2822 1134 2872 oudo
1147 2822 1281 2872 obedienter
1293 2837 1323 2872 se
1333 2823 1375 2886 pie

274 2882 403 2944 secant?
430 2887 637 2937 sarmiento-s
664 2889 780 2939 Floreat.
804 2888 874 2937 Leid.
897 2889 972 2938 Voss.
989 2891 1013 2938 1.
1029 2891 1054 2936 ².
1080 2887 1135 2936 Eis.
1157 2893 1185 2935 et
1204 2887 1291 2935 muita
1311 2886 1375 2937 edd.

281 2955 347 2998 vett.
359 2950 482 2998 omittunt
491 2965 518 2998 se
525 2967 534 3008 ,·
552 2949 611 3001 Aid.
623 2951 705 3001 Golia.
716 2952 817 3040 Grppir.
833 2953 901 3002 Mer.
912 2952 989 3000 Frob.
1006 2951 1068 3000 Bes.
1082 2951 1138 3000 Coi.
1150 2958 1178 2998 et
1195 2949 1267 2999 Mod.
1277 2963 1302 2998 se
1317 2964 1376 3012 pro·

282 3013 355 3060 tissa.
387 3013 445 3061 Pri.
457 3017 480 3063 1.
497 3018 726 3075 perseuerasset-d
741 3016 816 3064 ines.
828 3018 853 3063 9.
863 3015 964 3064 enimet
972 3029 1016 3078 per
1030 3015 1238 3076 interpretem-t
1255 3013 1329 3064 Laid.
1347 3021 1377 3062 et

280 3076 357 3125 Voss.
369 3079 393 3126 1.
410 3078 541 3127 Μανῆ.
574 3079 650 3128 Voss.
672 3083 697 3128 2.
719 3093 769 3127 sees
790 3079 982 3128 totitem-8
998 3078 1073 3127 Idem
1091 3077 1191 3126 codcxr
1218 3077 1259 3140 psi
1277 3077 1306 3128 de
1328 3075 1377 3127 diu.

279 3139 385 3188 Verbat
401 3143 461 3202 quod
470 3142 496 3189 d.
505 3140 531 3190 i.
541 3141 641 3200 esum
652 3156 699 3202 pro
711 3143 796 3206 gicero
808 3143 840 3190 rd
853 3141 973 3205 mnodum
983 3142 1059 3190 irabet
1070 3140 1229 3190 Schmieder.
1261 3139 1339 3188 von.
1349 3145 1376 3190 2.

279 3209 308 3252 et
317 3203 374 3252 Pel.
387 3207 409 3252 1.
425 3206 549 3253 omittunt
560 3206 611 3254 too.
644 3205 713 3254 Mer.
734 3206 895 3254 invictum-ti
912 3207 1025 3256 Floreat.
1038 3204 1112 3256 Laid.
1131 3203 1208 3254 Voss.
1220 3209 1244 3252 1.
1259 3201 1329 3254 Dan·
1348 3213 1378 3253 et

280 3266 364 3330 Boug.
375 3271 401 3316 8.
417 3267 564 3317 otiantem
596 3269 674 3318 Voss.
685 3274 708 3320 i.
725 3269 794 3319 Mer.
815 3269 877 3318 Bas.
894 3277 921 3319 ct
934 3269 991 3318 001.
1003 3268 1075 3318 robur
1090 3281 1155 3332 apso
1165 3267 1265 3330 inmitte
1274 3283 1283 3325 ,·
1300 3267 1377 3317 Mod.

279 3330 350 3380 robur
359 3330 461 3394 inpigre
468 3347 478 3389 ,·
495 3332 610 3380 Floreat.
621 3331 695 3381 Leia.
706 3340 733 3380 et
745 3333 814 3384 Deo.
825 3331 895 3381 ntor
943 3348 972 3380 ue
988 3332 1106 3394 impigra
1122 3331 1197 3379 Vosa.
1208 3336 1232 3379 2.
1244 3329 1376 3394 mdurepse

279 3393 397 3456 &epigen-
414 3395 472 3444 Pal.
486 3399 508 3445 1.
528 3395 674 3458 roboreque·
716 3395 722 3408 “
752 3411 783 3455 e‚·
800 3396 860 3444 ΑΜ.
877 3405 905 3444 et
946 3395 1237 3446 remotiorum-1⁰
1255 3395 1376 3446 Florent.

281 3457 353 3505 leid.
363 3458 440 3508 Voss.
453 3463 475 3506 1.
497 3467 525 3509 et
537 3460 626 3509 Coton.
636 3460 679 3507 ios
694 3474 751 3520 estc
759 3475 768 3516 ,·
785 3461 852 3509 Mer.
865 3459 914 3508 taec
932 3473 1010 3521 erm
1026 3459 1087 3507 aiii:
1107 3457 1162 3508 Hoc
1171 3471 1227 3518 ergo
1236 3471 1284 3506 eon
1299 3473 1375 3522 eune,

279 3520 320 3581 dt.
353 3521 465 3570 Floreat.
483 3522 558 3572 Leid.
568 3523 642 3572 Voss.
650 3527 673 3572 l.
684 3531 712 3572 et
723 3524 807 3586 Boug.
819 3527 843 3573 2.
854 3529 879 3573 et
888 3523 999 3572 dilectem
1009 3537 1022 3572 e
1032 3521 1115 3580 ordin
1132 3521 1205 3570 Vere.
1216 3523 1242 3570 2.
1259 3521 1377 3572 &keten

277 3582 358 3641 nediu
376 3583 432 3634 Psi.
442 3588 466 3632 l.
476 3591 500 3634 et
509 3588 657 3636 debanna.
679 3586 876 3648 Pittajusiorere
888 3617 896 3634 .
906 3617 914 3634 .
926 3585 1102 3636 ..onmium
1132 3585 1248 3634 Fioreut.
1260 3585 1333 3634 laeid-
1345 3593 1376 3648 et

279 3645 356 3696 veo.
377 3651 401 3698 l.
418 3651 594 3711 mansore,
610 3649 706 3698 omisso
726 3655 834 3700 esa-u
852 3650 963 3700 Vota&
991 3649 1059 3710 Ergo
1074 3663 1126 3710 ego.
1160 3647 1260 3698 dido
1339 3649 1377 3706 ¹,-

279 3709 355 3762 Voss.
368 3715 390 3762 1.
400 3715 425 3762 2.
442 3711 517 3763 Leid.
537 3712 652 3770 iurent.
672 3721 701 3764 ct
713 3713 796 3778 Bonp.
806 3718 832 3766 2.
849 3713 982 3772 cetrum
999 3713 1056 3764 Psi.
1069 3718 1093 3765 1.
1111 3711 1225 3764 Murus.
1284 3725 1336 3762 oar.
1346 3715 1377 3763 2.

772 3859 878 3913 NOTAE

309 3951 472 4016 ⁵12&th
500 3954 542 4004 Ex
557 3955 698 4019 iuventute
719 3963 806 4008 restra
847 3955 959 4020 corpora]
984 3953 1089 4008 Quavis
1111 3953 1249 4004 multitudo
1267 3967 1376 4022 compo·

278 4029 372 4078 milites
392 4030 452 4093 legi.
484 4031 544 4080 Hoc
564 4044 627 4080 roro
649 4032 804 4094 paniosate
844 4033 895 4082 sits
914 4041 942 4082 ot
963 4032 1015 4081 rito
1032 4029 1152 4080 ordinrta
1174 4030 1300 4096 ‘corpor'
1325 4047 1375 4098 por·

277 4103 437 4154 socerorum
448 4105 804 4168 sinedineedooumiuridie,
845 4106 1038 4158 translationem
1053 4105 1157 4156 dicitur.

277 4192 335 4245 qua
356 4178 488 4230 reditionis
507 4179 576 4231 inter
593 4180 644 4231 elie
660 4180 732 4244 origo
743 4179 802 4232 fnit.
