3025 4892
219 350 286 418 tito·
431 366 465 426 Q.
489 362 619 413 cnarrr
645 361 733 410 surr
759 361 831 409 arn.
856 361 939 410 vur.
962 361 1045 409 car.
1067 339 1151 409 11.'

221 529 283 574 rex
304 509 373 574 ‘ita
387 506 487 572 coedi'
496 507 608 589 jussit,
625 509 634 539 ‘
648 514 685 570 ut
699 504 780 570 nudi
794 505 928 588 stipites
936 503 1129 587 jacerentur
1139 508 1166 569 τ’
1189 501 1319 587 quippe

221 611 303 674 rami
332 608 447 672 fronde
473 608 589 672 vestiti
614 607 838 691 impedissent
866 607 1022 671 serentes·
1082 605 1164 688 Ipse
1190 606 1321 688 primus

220 717 371 776 bancam
386 713 536 775 arborem
551 710 656 793 jecit3
678 711 870 794 clamorque
886 709 1065 786 exercitus,
1080 707 1185 770 index
1199 706 1320 771 alacri·

220 813 315 890 tatis,
330 820 466 876 secutus
477 817 540 889 est,
561 811 654 874 nullo
669 811 877 876 detrectante
889 828 1023 888 munus,
1038 807 1130 892 quod
1142 827 1202 872 rex
1217 825 1319 870 occu·

222 914 363 997 passer!
404 913 436 976 9.
461 913 554 978 Intra
573 914 753 994 septimum
778 913 869 976 diem
896 928 1058 975 cavernas
1069 909 1319 996 ,gxplererant

221 1035 299 1080 curn
320 1033 381 1078 rex
402 1015 595 1096 sagittarios
625 1023 661 1080 et
684 1014 854 1097 Agrianos
872 1015 973 1097 jubet
997 1031 1058 1095 per
1084 1011 1190 1076 ardna
1215 1012 1322 1089 niti3¹

215 1116 429 1199 juvenesque
457 1115 699 1197 promtissimoe
728 1136 774 1181 ex
800 1135 864 1180 sua
892 1115 1032 1179 cohorte
1063 1129 1166 1176 xxx·
1190 1113 1322 1194 delegit.

222 1217 275 1281 10.
299 1217 414 1282 Duces
435 1216 488 1280 his
513 1215 582 1280 dati
603 1222 681 1280 sunt
695 1215 824 1281 Charus
846 1222 883 1280 et
904 1214 1116 1294 Alexander3
1138 1233 1239 1298 quem
1260 1232 1322 1278 rex

223 1318 401 1397 ‘nominis,
414 1317 503 1399 qnod
519 1317 585 1382 sibi
595 1337 671 1382 cum
686 1337 728 1382 oo
739 1336 916 1383 commune
930 1317 1041 1393 csset‚'
1055 1317 1238 1380 admonuit.
1269 1315 1323 1379 Ac

222 1422 345 1504 primo,
366 1419 448 1503 qnia
462 1425 533 1482 tam
546 1418 760 1486 manifestum
781 1419 969 1502 periculum
982 1423 1067 1494 erat,
1082 1418 1196 1499 ipsum
1209 1437 1320 1499 regern

223 1521 402 1586 discrimen
416 1518 528 1584 subire
542 1537 607 1582 non
622 1519 773 1601 placuit:
811 1522 863 1584 ll.
885 1519 946 1584 sed
960 1526 999 1582 ut
1015 1519 1150 1600 mgnum
1164 1520 1247 1582 tuba
1261 1518 1322 1582 da-

223 1627 294 1686 tum
308 1628 370 1696 est,
391 1619 443 1683 vir
464 1618 617 1684 audaciae
635 1626 780 1703 promtus
803 1638 984 1685 conversus
1006 1619 1050 1684 ad
1071 1624 1222 1702 corporis
1247 1639 1323 1684 cus·

222 1721 320 1788 todes
335 1719 448 1802 ‘sequi
465 1718 522 1783 se’
540 1720 647 1803 jubet,
663 1721 861 1804 primusque
883 1721 1011 1786 invadit
1024 1721 1060 1784 in
1072 1741 1199 1804 rupem.
1243 1721 1320 1788 Nec

224 1821 346 1886 deinde
361 1821 540 1904 quisquam
557 1822 782 1886 Macedonum
806 1822 974 1886 substitit:
996 1823 1194 1905 relictisque
1205 1825 1323 1887 statio·

222 1921 324 1986 nibus
338 1941 401 1986 sua
414 1931 531 2004 sponte
547 1940 655 2004 regem
676 1924 914 2006 sequebantur.
959 1923 1012 1986 12.
1037 1919 1241 1987 Multorum‘
1260 1923 1323 1987 mi·

225 2017 378 2088 serabilis
392 2022 457 2086 fuit
472 2041 589 2099 casus,
604 2041 690 2105 quos
705 2041 750 2086 ex
770 2029 945 2106 praerupta
966 2041 1047 2105 rupe
1068 2022 1190 2107 lapsos
1211 2024 1322 2088 amnis

225 2122 453 2205 praeterfluens
469 2123 593 2200 bausit,
611 2125 703 2188 triste
728 2125 961 2208 spectaculum
985 2125 1088 2188 etiam
1110 2144 1175 2188 non
1190 2125 1324 2207 pericli·

224 2225 393 2288 tentibus:
423 2242 500 2287 cum
529 2242 607 2288 vero
637 2223 748 2288 alieno
774 2224 892 2302 exitio,
922 2225 1002 2308 qnid
1030 2226 1115 2308 ipsis
1137 2225 1324 2289 timendum

224 2325 322 2402 foret,
353 2324 619 2402 admonerentur,
653 2325 687 2389 in
716 2331 839 2391 metum
868 2327 1097 2391 misericordia
1119 2345 1243 2404 versa,⁴
1256 2346 1321 2390 non

226 2427 406 2502 extinctos,
420 2425 479 2488 sed
503 2432 608 2490 semet
633 2427 728 2510 ipsos
743 2424 922 2491 deflebant.
965 2427 1020 2491 13.
1043 2425 1089 2490 Et
1108 2425 1180 2510 jam
1195 2445 1235 2491 eo
1249 2446 1324 2510 per·

224 2531 358 2593 ventum
383 2532 465 2603 erat,
487 2527 576 2591 unde
603 2529 674 2592 siue
700 2529 849 2612 pernicie
871 2529 937 2592 nisi
962 2529 1108 2592 victores
1131 2528 1234 2592 redire
1256 2547 1324 2591 non

225 2633 374 2712 possent,
384 2628 529 2708 ingentia
541 2647 629 2693 saxa
641 2630 673 2693 in
683 2632 863 2694 subeuntes
872 2630 1150 2712 provolventibus
1159 2628 1323 2705 bawaris,

229 2729 286 2814 qui
301 2728 470 2810 perculsi⁸
493 2728 644 2793 instabili
660 2737 696 2793 ct
715 2730 845 2796 lubrico
870 2729 973 2813 gradu
991 2730 1183 2816 precipites
1196 2729 1324 2794 recide·

263 2915 277 2950 ⁴
294 2918 364 2972 Quod
372 2931 417 2969 m
425 2918 516 2979 primur
527 2919 630 2970 mium
640 2919 785 2983 impleuerat.
881 2929 891 2954 ⁸
907 2921 958 2970 Per
967 2921 1154 2970 missimus
1161 2921 1293 2972 mendae.

681 3060 864 3083 ΟΙΙΝΝΝΝΟ

227 3168 258 3214 nd
270 3179 378 3216 manum:
395 3167 464 3216 silva
497 3168 566 3218 Dan.
577 3169 651 3218 Voss.
665 3173 687 3218 t.
701 3169 816 3220 Florent.
829 3169 902 3219 Leid.
919 3169 1003 3232 Βοῦς.
1017 3175 1041 3219 l.
1051 3172 1076 3218 2.
1096 3177 1125 3218 et
1136 3169 1203 3219 bier.
1215 3184 1240 3220 u
1250 3169 1326 3220 iudex

187 3265 191 3271 ·
226 3230 376 3287 chorintius
400 3232 472 3282 Pith.
492 3231 625 3282 nummis
641 3233 722 3284 iudex.
756 3234 1086 3297 anapauomenen
1103 3239 1148 3283 est.
1182 3234 1240 3283 Pal.
1253 3238 1277 3283 1.
1296 3241 1326 3283 et

227 3295 462 3347 Mendetrortuute.
495 3297 611 3346 Floreat.
627 3297 699 3347 teto.
719 3297 795 3346 Voss.
809 3303 832 3348 1.
852 3298 936 3358 Βοῦς.
947 3302 972 3347 2.
990 3306 1018 3346 et
1036 3297 1107 3346 Pttb.
1125 3299 1324 3362 maiust.-

227 3359 335 3409 uvore.
346 3362 370 3410 2.
387 3365 438 3410 aa
455 3374 499 3410 rex
509 3362 699 3423 serapeum.
734 3361 789 3411 Elz.
802 3371 830 3411 et
850 3362 893 3410 alii
907 3361 1051 3424 irem
1062 3361 1219 3420 fortissimos.
1251 3363 1324 3415 Dan.

227 3420 330 3482 Μὴ,-
348 3425 404 3475 Pal.
418 3429 442 3474 l.
452 3425 524 3486 etegit
531 3440 540 3482 ,·
558 3425 630 3476 Mod.
643 3426 776 3486 legit—lt)
787 3427 864 3475 Voss.
874 3430 899 3475 2.
910 3431 970 3474 emt
979 3440 1033 3475 ean
1042 3441 1078 3485 ec,
1088 3425 1309 3475 ominosum
1315 3441 1327 3484 ,·

227 3484 300 3534 Pittr.
311 3501 429 3536 commane
440 3505 492 3537 cum
502 3503 528 3538 eo
539 3494 671 3538 erret-ll
690 3489 766 3538 Voss.
777 3493 802 3539 2.
812 3493 894 3539 datm
905 3495 941 3538 est
951 3489 1017 3538 tabu.
1049 3489 1148 3538 Fausti.
1159 3491 1236 3538 rendit
1246 3491 1273 3538 iu
1283 3505 1325 3538 rrr·

224 3562 288 3612 pem.
321 3549 392 3598 Pitlr.
409 3565 489 3612 regem
504 3567 548 3600 sau
566 3555 720 3614 sponte-ra
737 3553 854 3603 Floreat.
865 3554 939 3602 Leid.
957 3554 1031 3602 Voss.
1043 3557 1067 3602 l.
1080 3555 1104 3600 2.
1121 3553 1192 3602 Pttb.
1211 3561 1238 3602 et
1256 3555 1325 3604 Dru.

227 3613 511 3663 omittuntruircrnbittr.
545 3615 604 3665 Pal.
616 3615 800 3674 blatteum.
827 3618 902 3666 Voss.
915 3617 1221 3680 summanum
1248 3616 1324 3667 Voss.

227 3679 253 3726 2.
264 3691 318 3726 cum
334 3692 388 3726 sero
404 3693 462 3735 που
490 3677 745 3731 baiuloruittitucru.
778 3679 889 3730 Vosal.
907 3681 1095 3730 αὶέωοιτιίῆο.
1128 3681 1326 3730 Varenum.

227 3739 323 3790 misena
333 3745 473 3791 carm-18
491 3741 563 3791 Pitlr.
575 3757 609 3790 ec.
626 3741 728 3802 Etjnna
762 3743 839 3794 Voss.
850 3748 875 3793 2.
886 3759 932 3792 aon
942 3745 1041 3793 uictores
1048 3759 1059 3800 ,-
1084 3742 1143 3792 ΑΜ.
1156 3744 1205 3792 siri
1216 3745 1326 3793 mures

229 3805 484 3868 ...neutrarum
517 3806 594 3856 Voss.
604 3809 810 3870 ²·r1utpercrrssir
845 3809 1063 3858 Freinsh.matit:
1080 3808 1133 3871 qais
1149 3809 1259 3872 parentet,
1278 3811 1330 3871 pr·

719 3954 745 4004 N
748 3953 827 4004 O'l'AE

260 4044 425 4109 turcarum]
438 4047 497 4098 Non
508 4046 633 4100 absimilis
644 4050 669 4098 lu
683 4064 711 4100 re
722 4052 755 4099 si·
829 4060 842 4094 t
860 4051 909 4106 Qsi
931 4050 1020 4114 [qaeu]
1039 4051 1153 4114 paratu]
1179 4049 1263 4109 Alias,
1285 4052 1327 4114 pru·

227 4122 282 4172 mili
301 4120 444 4186 descriptio
460 4138 488 4173 re
506 4123 603 4175 obtulit
620 4141 698 4190 snpra
710 4127 754 4178 lib.
792 4126 905 4192 permisi,
916 4126 1074 4176 Macedonas
1086 4126 1205 4175 nimirum
1221 4125 1266 4176 illi.

228 4211 278 4249 vrr.
291 4202 401 4261 cap-tl.
