3025 4892
238 342 305 407 (566
457 359 490 419 Q.
514 354 647 407 cuanrr
671 355 763 405 nunu
788 356 862 405 uro.
887 355 969 403 vnn
991 355 1073 404 car.
1089 339 1142 404 14.

240 510 297 566 tue
311 506 419 564 esset:
443 499 571 584 quippe
586 497 847 581 magnitudinem
868 496 969 562 animi
987 497 1059 582 ejus
1082 497 1274 576 interritam,
1294 519 1335 565 ac

239 622 283 667 ne
298 602 434 666 fortune
448 599 584 684 quidem
598 597 787 678 infractam,
806 619 873 664 non
895 598 1123 664 misericordia
1143 599 1254 679 modo,
1271 601 1336 666 sed

239 703 473 767 etiamhonorc
481 703 637 786 excipere
646 700 800 784 dignatus
813 708 882 766 est:
904 701 959 767 lo.
972 719 1096 783 aegrum
1108 703 1236 766 curavit
1245 701 1336 766 haud

240 823 350 883 secus,
373 824 475 888 qnam
499 804 531 868 si
554 821 615 886 pro
639 802 718 886 ipso
740 808 942 885 pugnasset:
965 801 1197 867 confirmatum
1220 811 1336 868 contra

240 925 338 988 spem
352 907 501 971 omnium
514 906 549 971 iu
564 905 746 970 amicorum
761 925 933 970 nnmenrm
948 905 1077 988 recepit
1088 917 1118 968 τ’
1139 923 1219 968 mox
1234 903 1336 969 dona·

240 1009 288 1071 vit
302 1009 468 1091 ampliore
482 1015 609 1091 regno,c
631 1027 732 1091 qoam
746 1009 864 1072 tenuit.
900 1007 954 1074 lo.
969 1007 1045 1072 Nec
1060 1026 1140 1071 sane
1155 1007 1337 1090 quicquam

240 1111 406 1192 ingenium
416 1109 640 1193 ejussolidins
651 1117 709 1175 aut
721 1110 934 1175 constantius
944 1109 1073 1184 habuit,
1085 1127 1182 1191 qoam
1194 1108 1337 1172 admira·

241 1212 367 1274 tionem
393 1230 483 1276 verm
510 1211 622 1278 laudis
647 1217 681 1276 et
709 1211 845 1293 gloriae:
868 1211 1055 1295 simplicius
1080 1217 1189 1274 tamen
1210 1208 1336 1273 lamam

241 1313 433 1377 aestimabat
445 1312 480 1376 iu
494 1313 602 1391 hoste,
616 1331 716 1396 quam
733 1313 768 1376 in
783 1313 901 1394 cive31
923 1313 1051 1397 quippe
1067 1311 1170 1376 esuis
1181 1308 1339 1374 credebat

241 1414 503 1497 magnitudinem
518 1434 613 1479 suam
628 1414 754 1478 destrui
775 1433 890 1498 posse,
910 1413 1048 1479 eandem
1063 1412 1237 1478 clariorem
1253 1410 1337 1488 iore,

240 1536 309 1600 quo
324 1516 469 1599 majores
482 1516 636 1594 fuissent,
650 1534 738 1600 quos
751 1514 830 1599 ipse
845 1515 993 1581 vicisset

271 1732 286 1765 r
298 1725 428 1786 Postquam
435 1729 525 1787 prater
540 1722 643 1773 mira
653 1722 784 1785 epium
793 1721 919 1772 meabit.

273 1797 285 1829 t
296 1788 398 1851 AEquiua
407 1793 486 1838 tranen
496 1788 636 1837 &lodium
643 1786 860 1850 gmiedmodot,
869 1799 937 1850 quam
948 1785 1112 1836 Macedonum.

695 1926 799 1948 ”mu
802 1925 875 1947 nno

241 2029 324 2092 Bong.
335 2027 405 2080 Dan.
417 2035 446 2079 ct
455 2030 524 2078 Mer.
535 2028 669 2089 smum.
698 2026 773 2078 Iaeid.
782 2025 976 2076 mirmion.
1003 2025 1126 2076 Heinsius
1138 2025 1285 2092 legijubet:
1298 2033 1339 2080 ud

241 2095 314 2142 eliam
327 2092 412 2143 lenm
427 2108 473 2143 rec
490 2095 613 2156 napum
630 2091 706 2142 Both.
723 2093 747 2141 l.
765 2093 874 2155 excipere
884 2093 1001 2140 rem-45
1018 2089 1088 2138 Mer.
1104 2104 1195 2151 σεται.
1228 2091 1302 2141 Voss.
1313 2098 1338 2142 2.

240 2171 284 2219 pru
292 2172 318 2205 re
328 2157 455 2221 ipen—46
470 2157 546 2207 Voce.
553 2162 579 2206 2.
595 2173 616 2206 e.
626 2162 645 2205 t.
654 2157 726 2215 seno
737 2153 868 2204 mimula
878 2153 906 2204 ia
916 2155 1004 2203 Mem
1015 2170 1039 2218 q.
1050 2154 1076 2202 in
1083 2154 1166 2206 cim
1189 2153 1262 2205 Pltlr.
1273 2171 1340 2218 ng·

242 2221 429 2272 remearet
463 2221 580 2271 lllorent.
596 2222 713 2285 cumipse
723 2220 844 2270 mmmm.

734 2345 841 2397 norm

272 2453 285 2479 ⁰
299 2443 513 2508 ineptiorem]
530 2444 604 2494 Inter
615 2442 768 2507 Hydaspem
809 2447 863 2492 tom
885 2441 983 2492 scribet
1010 2447 1102 2493 eontra
1126 2444 1222 2494 Porum
1245 2447 1340 2510 Mmry·

240 2520 416 2570 etAeeaioem
425 2519 489 2569 Pori
499 2526 770 2583 reguuneretrnenc
809 2518 899 2568 cirione
923 2533 1020 2582 menne,
1048 2520 1092 2583 qni
1119 2520 1145 2568 in
1167 2519 1283 2583 Aprilem
1308 2537 1339 2572 ac

241 2594 523 2659 quicquidebAceriue
537 2593 570 2642 ad
584 2593 769 2657 Hypanimex·
810 2596 908 2646 Maium
931 2597 1072 2658 incidebat,
1096 2598 1153 2646 lime
1176 2597 1207 2646 ad
1232 2597 1339 2662 Olymp.

242 2669 369 2732 tenditur,
391 2668 448 2733 eju·
462 2669 554 2720 ditioni
574 2669 703 2734 adjectum
719 2675 769 2719 ut.
810 2683 891 2720 cxur.
910 2677 989 2720 anl.
1007 2670 1148 2733 pertinent,
1165 2685 1215 2720 non
1241 2673 1273 2720 ed
1299 2687 1339 2723 re-

242 2747 274 2796 ln
289 2760 343 2810 qno
353 2752 462 2811 quantun
477 2743 556 2796 fcerit
572 2745 689 2810 gentium
701 2744 770 2795 orbl·
811 2747 935 2796 cundum.
969 2747 1048 2797 Certe
1060 2747 1130 2796 circe
1141 2751 1224 2811 ipsunt
1235 2747 1339 2798 demunt

242 2834 338 2884 enque
357 2833 487 2876 numeror.
507 2835 559 2871 oon
573 2821 638 2871 tatia
656 2820 726 2869 inter
741 2835 772 2872 ee
810 2821 915 2871 solstitii
925 2829 1030 2885 tempus
1046 2828 1133 2872 castra
1149 2823 1182 2873 ad
1200 2823 1339 2876 Acesinem

242 2896 409 2947 consentiunt
427 2895 532 2958 Strabo,
543 2897 709 2959 Plutarchus,
720 2896 770 2946 Ar·
811 2911 869 2947 esee
881 2899 966 2962 positu
977 2905 1081 2948 constet
1095 2913 1128 2948 ex
1141 2900 1260 2952 Nearcho
1269 2903 1339 2966 apud

243 2973 339 3033 rienes,
347 2979 374 3020 et
385 2971 495 3020 Plinius.
502 2972 571 3022 Vide
583 2973 682 3024 Uenerii
690 2973 770 3024 Chre·
810 2973 965 3034 Strabonem
982 2973 1027 3024 lib.
1044 2987 1090 3025 xv.
1123 2975 1209 3038 Igitur
1225 2978 1290 3026 alter
1302 2977 1340 3028 0-

242 3049 319 3096 niceo
343 3047 376 3098 od
394 3061 435 3099 an.
457 3049 518 3098 Per.
540 3049 593 3102 Jul.
611 3053 687 3100 teet.
726 3051 770 3100 De
811 3051 947 3116 lympiadie
965 3066 1055 3112 enutri,
1071 3051 1144 3116 cujus
1162 3053 1269 3103 exordia
1288 3055 1342 3104 eol-

243 3135 336 3187 pugon
361 3127 480 3187 tempore
502 3123 646 3174 Diodorum
672 3123 772 3176 refellit
810 3127 882 3178 stilio
900 3127 1046 3190 posteriora
1063 3124 1146 3190 fuere,
1161 3128 1274 3180 noudum
1290 3130 1341 3180 lni-

243 3198 368 3251 Arrianm
383 3198 428 3250 lib.
446 3213 474 3250 v.
506 3201 658 3252 cumcuim
673 3215 771 3267 pugna·
810 3209 868 3254 crat
878 3202 981 3270 qnando
993 3203 1169 3256 l'oruarietur
1180 3211 1230 3255 ert.
