3025 4892
286 373 352 440 758
522 387 559 450 o.
581 386 712 437 cuarrr
737 386 828 436 nuru
853 387 925 436 trs.
949 387 990 435 x.
1014 387 1095 436 car.
1115 374 1148 437 5.

288 531 427 590 universo
454 531 545 590 ferme
573 531 643 590 orbe
670 513 893 590 confluxerant:
914 530 1021 608 quibus
1047 548 1100 608 per
1126 525 1295 607 complures
1320 525 1383 588 dies
1468 594 1473 605 Α

288 625 422 687 studiose
437 624 557 697 auditis,
572 625 715 704 deinceps
730 625 769 686 ad
792 625 1012 703 Hephaestionis
1038 627 1180 704 exequias
1198 625 1307 704 adjecit
1321 623 1385 682 aui·

288 739 387 782 mum:
408 739 477 800 qum
490 740 606 781 summo
625 721 756 780 omnium
778 719 877 780 studio
890 720 934 780 ita
956 721 1116 782 celebratae
1131 729 1211 792 sunt,
1226 729 1260 780 nt
1273 718 1384 778 nullius

290 815 374 877 adid
394 825 510 895 tempus
526 816 603 895 regis
623 815 736 887 feralia,
759 814 961 894 magnitudine
982 823 1144 887 sumtuum,
1165 825 1385 895 apparatusque

289 911 461 972 celebritate
474 930 535 972 nou
553 912 686 973 vicerint.
728 912 779 971 39.
794 910 868 971 Poat
890 910 957 970 brec
981 911 1089 990 cupido
1108 911 1232 972 incessit
1253 911 1315 988 regi
1332 929 1385 988 per

290 1007 480 1084 Pallacopam
498 1025 616 1067 amnem
629 1006 668 1066 ad
692 1007 822 1067 Arabum
836 1007 964 1066 confinia
982 1006 1162 1086 navigandi:
1183 1025 1242 1085 quo
1264 1005 1386 1066 delatus

288 1101 355 1160 urbi
367 1101 533 1162 condenda
546 1101 704 1163 commoda
713 1101 785 1162 sede
797 1113 922 1181 reperta,
937 1103 1109 1162 Graecorum
1118 1111 1207 1163 aetate
1221 1099 1386 1161 antvulne·

289 1194 371 1255 ribus
394 1197 551 1270 invalidos,
564 1207 595 1259 et
607 1200 633 1258 si
645 1200 696 1278 qui
720 1208 825 1278 sponte
839 1209 1048 1268 remanserant,
1064 1197 1102 1257 ibi
1118 1198 1269 1258 collocat!
1312 1197 1386 1264 Qui·

289 1291 346 1350 bus
359 1311 397 1352 ex
410 1295 557 1354 sententia
569 1295 707 1373 perfectis
717 1295 782 1374 jam
802 1294 891 1354 luturi
907 1313 1039 1366 securus,
1053 1291 1214 1353 Chaldaeos
1235 1291 1386 1360 irridebat,

289 1385 371 1463 quod
396 1387 579 1467 Babylonem
601 1409 660 1448 non
681 1389 834 1468 ingressus
857 1401 970 1450 tanturn
994 1399 1073 1448 esset
1095 1387 1261 1455 incolumis.
1283 1405 1386 1448 rerum

290 1482 379 1542 etiam
402 1485 603 1545 excessisset·
641 1487 692 1545 40.
714 1484 869 1544 Enimvero
892 1484 1045 1544 revertenti
1068 1501 1121 1562 per
1147 1481 1284 1560 paludes,
1309 1501 1385 1560 quas

292 1576 458 1655 Euphrates
472 1578 502 1636 in
516 1577 707 1657 Pallacopam
718 1578 829 1638 effusus
844 1579 944 1650 efficit,
956 1578 1065 1639 loedum
1077 1597 1162 1638 omen
1173 1577 1304 1638 oblatum
1320 1588 1384 1636 est:

291 1673 400 1750 quippe
413 1675 485 1733 rami
498 1673 627 1756 desuper
640 1675 845 1756 impendentes
865 1675 1028 1736 detractum
1041 1673 1129 1754 capiti
1154 1673 1234 1752 regio
1248 1671 1387 1732 diadema

290 1768 477 1846 projecerunt
490 1771 519 1828 in
544 1771 671 1831 fluctus:
692 1791 759 1831 cunr
782 1769 890 1832 deinde
914 1771 971 1830 alia
986 1789 1075 1848 super
1095 1767 1155 1827 alia
1172 1768 1344 1846 prodigiosa
1356 1778 1388 1828 et

291 1863 419 1924 minacia
443 1865 657 1937 nuntiarentur,
680 1865 874 1945 procurandis
898 1865 934 1924 iis
957 1865 1064 1925 Graeco
1093 1863 1179 1924 simul
1202 1864 1387 1942 barbaroque

290 1958 350 2017 ritu
370 1960 514 2020 continua
533 1980 619 2021 sacra
639 1962 719 2021 iacta
740 1971 821 2020 sunt.
863 1963 912 2020 41.
935 1961 1040 2038 Neque
1060 1971 1159 2021 tamen
1184 1960 1294 2040 expiari
1309 1979 1388 2038 proe-

292 2063 427 2131 terquam
442 2066 535 2115 morte
549 2057 627 2134 regis
641 2067 783 2136 potuere:
804 2056 854 2136 qui
869 2076 937 2118 cum
951 2056 1119 2116 Nearchum
1134 2057 1301 2135 excepisset
1314 2073 1389 2114 con-

291 2148 379 2220 vivio,
388 2149 509 2228 jamque
525 2151 658 2212 cubitum
676 2153 770 2212 iturus
785 2163 874 2224 esset,
890 2152 983 2212 Medii
1003 2152 1139 2212 Larissai
1161 2151 1276 2211 obnixis
1291 2151 1389 2228 preci·

292 2244 349 2302 bus
372 2244 465 2316 dedit,
487 2257 521 2307 ut
544 2247 582 2306 ad
606 2267 673 2308 eura
696 2259 894 2308 comessatum
913 2248 1044 2307 ueniret:
1065 2247 1116 2306 ubl
1139 2257 1297 2324 postquam
1323 2255 1389 2304 tota

290 2349 380 2399 nocte
406 2352 603 2420 perpotasnet,
631 2344 709 2403 male
736 2344 845 2404 babere
873 2344 986 2424 coepit·
1037 2344 1250 2420 Ingravescens
1277 2339 1389 2399 deinde

292 2435 413 2494 morbus
430 2435 507 2496 adeo
521 2455 623 2497 omnes
638 2439 714 2498 uires
728 2437 806 2498 iutra
820 2449 935 2498 aestum
950 2437 1026 2498 diem
1040 2436 1189 2507 exhausit,
1202 2445 1237 2494 ut
1251 2453 1288 2494 ue
1303 2435 1387 2494 vocis

291 2529 411 2608 quidem
432 2541 565 2608 potestas
587 2543 678 2594 esset.
719 2535 770 2592 42.
793 2534 908 2592 Interea
932 2532 1039 2591 milites
1062 2531 1249 2591 solicitudine
1268 2530 1389 2590 deside·

292 2624 396 2702 sinque
420 2625 485 2703 ejus
509 2628 597 2699 anxii,
612 2647 783 2708 quanquam
802 2628 1017 2688 obtestantibus
1037 2627 1173 2699 ducibus,
1189 2645 1226 2686 ne
1240 2625 1388 2686 valetudi-

177 2727 181 2735 ’
293 2739 361 2780 nem
376 2721 453 2800 regis
473 2734 639 2797 onerarent,
653 2739 872 2804 expresserunt,
886 2734 920 2784 ut
941 2723 970 2783 in
990 2735 1181 2804 conspectum
1202 2723 1265 2801 ejus
1280 2721 1389 2784 adsuit·

291 2811 445 2877 terantur.h

337 2997 370 3042 v.
406 2981 437 3047 1.
469 2983 681 3050 Intuentibus
705 2987 863 3070 lacrymor
889 2988 1014 3052 obortae
1039 2971 1211 3070 praebuere
1236 2984 1389 3067 speciem

287 3079 361 3162 jam
376 3102 442 3146 uon
456 3104 580 3166 regem,
596 3088 656 3152 scd
666 3090 766 3152 lanus
781 3089 855 3171 ejus
870 3088 1014 3153 visentis
1026 3086 1206 3152 exercitas.
1249 3084 1281 3148 2.
1298 3085 1389 3148 Μω-

293 3190 474 3250 rortamen
489 3188 776 3254 circumstantium
802 3190 927 3254 lectum
949 3188 1133 3253 eminebat:
1156 3203 1241 3270 quos
1265 3193 1390 3248 atrax

292 3287 439 3368 aspexit,
459 3287 684 3366 ‘Invenietis,'
697 3289 819 3372 inquit,
841 3294 939 3355 ‘curn
955 3307 1145 3364 excessero,
1159 3287 1293 3368 dignum
1312 3286 1391 3350 tali·

741 3469 924 3489 m»

327 3561 504 3612 t'l'lreocrcnl
524 3564 606 3614 codex
626 3565 757 3629 admonet,
776 3567 832 3618 libri
851 3567 945 3617 decimi
963 3565 1039 3614 finem
1050 3564 1091 3613 hic
1107 3577 1174 3624 erse,
1185 3576 1216 3612 ac
1233 3563 1392 3626 principium

292 3621 432 3674 undecimi.
464 3626 777 3679 scindant-rarorum.
810 3627 1196 3681 Vernaornirrtrnaearia-tt
1215 3627 1393 3677 Leid.lrrclurrs

293 3686 418 3738 eminebat
450 3689 567 3740 Floreat.
588 3691 662 3741 [reid.
683 3701 711 3743 et
731 3695 807 3744 vost.
820 3700 843 3744 1.
861 3700 889 3744 ut
905 3693 1018 3757 respexit.
1051 3693 1126 3740 Vors.
1142 3694 1168 3740 1.
1178 3691 1277 3740 omittit
1286 3691 1392 3741 siria—-

788 3835 897 3888 tlo't'ie

324 3935 336 3971 1
351 3925 602 3979 laminarum.
625 3931 733 3983 Dlodor.
749 3946 821 3984 ιιιι.
892 3953 904 3979 ·
921 3945 1028 3996 Diodor.
1039 3958 1110 3996 xrrr.
1121 3947 1177 3995 tto.
1194 3943 1328 4007 Gregoras
1338 3943 1395 3994 fine

292 4005 350 4052 tta
375 4000 476 4050 Seneca
486 4003 588 4054 Suasor.
598 4018 636 4054 tv.
660 4006 757 4058 Justin.
768 4021 821 4060 xrs.
860 4019 906 4069 nb,
917 4033 945 4068 x.
971 4019 1103 4070 Plutarch.
1115 4034 1174 4083 cap.
1186 4021 1244 4068 117.

293 4083 334 4129 lt.
357 4082 381 4128 1.
410 4076 514 4129 Αιιίιιι.
536 4094 588 4130 ιιι.
610 4085 634 4132 t.
655 4087 680 4132 t.
714 4085 820 4135 Diodor.
892 4097 903 4131 b
920 4095 1158 4146 urrinnando.
1174 4095 1271 4147 lustin.
1283 4107 1335 4146 ιιι.
1349 4101 1395 4145 1⁵.

294 4167 363 4204 xrrr.
376 4155 431 4203 111.
448 4157 505 4202 114.
531 4154 635 4206 Arrian.
647 4170 697 4207 uir.
710 4162 735 4209 4.
746 4163 788 4208 2⁰.
861 4177 885 4226 ι,
908 4171 1073 4224 ,quiana-11,
1084 4177 1108 4224 a,
1120 4173 1159 4221 11.

327 4237 338 4262 ¹
353 4226 465 4291 Appian.
476 4227 510 4276 dc
523 4230 590 4281 Bell.
601 4231 676 4281 Ciril.
686 4233 731 4283 lib.
742 4248 773 4282 ιι.
