3025 4892
268 373 335 439 710
512 391 546 452 c.
567 388 700 439 ouarrr
724 387 815 438 nour
841 389 914 436 eru.
937 389 992 438 rx.
1014 389 1099 439 ose.
1118 374 1151 438 7.

269 531 360 596 lmen
371 531 552 615 puniceum
565 528 758 608 amiculam,
773 529 891 596 dextm
900 528 1046 596 validam
1059 528 1292 616 nodosumque
1306 527 1371 598 sti·

268 634 375 720 pitem
388 633 596 716 preferebat.
638 632 693 698 Ea
715 631 794 716 ipsa
819 651 872 696 res
894 632 1040 696 omnium
1065 633 1195 696 animos
1208 637 1371 714 expecta·

268 736 360 802 tione
384 735 630 818 suspenderat:
654 735 784 818 qnippe
809 743 939 800 armato
968 733 1126 818 congredi
1146 733 1283 810 nudum,
1308 730 1369 796 de-

268 836 406 914 mentia,
419 856 486 901 non
501 837 671 902 temeritas
686 837 871 902 ridebatur.
905 836 959 902 21.
983 835 1090 918 Igitur
1105 834 1264 911 Macedo,
1278 831 1370 904 haud

268 936 390 1003 dubius
404 939 535 1004 eminus
549 938 692 1004 interfici
701 958 814 1022 posse,
827 937 981 1004 lanceam
995 939 1125 1003 emisit:
1140 955 1243 1020 quam
1257 933 1369 1000 Diox-

268 1038 375 1122 ippus
388 1059 467 1106 cum
476 1042 602 1124 exigua
616 1041 769 1125 corporis
779 1040 1005 1107 declinatione
1017 1039 1169 1116 vitasset,
1183 1044 1369 1120 antequam

267 1139 327 1206 ille
341 1139 472 1206 hastam
487 1144 684 1208 transferret
697 1142 732 1206 io
748 1142 915 1220 dextram,
935 1141 1082 1217 assiluit,
1100 1145 1134 1204 et
1156 1138 1274 1221 stipite
1296 1157 1368 1202 me-

268 1239 362 1307 diam
383 1261 460 1306 earn
481 1241 588 1326 fregit.
630 1242 685 1308 22.
700 1241 839 1308 Amisso
861 1249 1005 1326 auoque
1029 1241 1109 1320 telo,
1128 1239 1274 1304 Macedo
1296 1238 1370 1321 gla-

268 1341 362 1408 dium
379 1350 529 1428 coeperat
542 1345 712 1426 stringere,
726 1361 825 1428 quem
841 1351 1045 1426 occupatum
1060 1341 1256 1424 complexu,
1270 1339 1370 1422 pedi·

268 1443 334 1508 bus
357 1450 496 1527 repente
520 1444 713 1522 subductis,
742 1445 944 1528 Dioxippus
965 1445 1122 1510 arietavit
1147 1443 1182 1506 iu
1212 1449 1330 1506 terram
1342 1454 1369 1522 ς·

267 1553 449 1630 ereptoque
471 1545 584 1628 gladio
607 1545 728 1629 pedem
741 1565 842 1630 super
856 1546 1021 1610 cervicem
1033 1544 1180 1630 jacentis
1193 1544 1370 1628 imposuit,

268 1646 416 1730 stipitem
439 1648 625 1725 intentans,l
646 1647 853 1730 elisurusque
883 1667 924 1712 eo
947 1648 1083 1724 victum,
1111 1645 1147 1712 ui
1178 1644 1370 1729 prohibitus

268 1755 363 1814 esset
376 1768 398 1814 a
411 1768 499 1832 rege.
541 1748 598 1814 23.
619 1747 741 1814 Tristis
754 1749 943 1834 spectaculi
957 1757 1098 1816 eventus
1117 1767 1184 1812 noo
1205 1746 1369 1812 Macedo-

145 1863 153 1872 *
182 1900 187 1912 .
266 1849 490 1928 nibusmodo,
505 1851 679 1918 sedetiam
701 1849 1000 1930 Alexandrotam
1024 1849 1182 1928 maxime,
1197 1849 1276 1932 quia
1290 1849 1369 1914 bar-

266 1950 341 2016 bari
362 1949 546 2016 affuerant:
573 1953 697 2036 qnippe
720 1951 923 2018 celebratum
949 1951 1173 2018 Macedonum
1198 1949 1368 2014 fortitudi-

267 2071 344 2116 nem
369 2053 412 2116 ad
428 2053 609 2119 ludibrium
632 2053 799 2119 recidisse
819 2055 1005 2120 verebatur.
1047 2055 1101 2120 st.
1123 2052 1215 2117 Hinc
1234 2050 1278 2116 ad
1302 2052 1368 2116 cri·

265 2153 482 2218 minationem
504 2155 692 2220 invidorum
714 2155 885 2239 adapertae
900 2162 978 2220 suut
997 2173 1093 2220 aures
1107 2156 1216 2236 regis:
1237 2157 1369 2236 etpost

267 2273 399 2338 paoem
423 2255 496 2320 dies
519 2257 605 2320 iuter
624 2255 742 2340 epulae
765 2273 900 2321 autenm
925 2257 1082 2338 poculum
1107 2273 1151 2318 ex
1173 2251 1369 2336 composito

268 2356 487 2438 subducitnr3
511 2357 733 2442 ministrique,
754 2358 853 2442 qnasi
879 2357 1083 2435 amisissent,
1109 2355 1201 2441 quod
1227 2373 1367 2420 amore-

266 2463 351 2536 raut,
369 2479 477 2542 regem
502 2459 652 2524 adeunt!
693 2461 748 2525 25.
772 2459 875 2545 Ssepe
897 2460 1007 2525 minus
1027 2465 1080 2526 est
1103 2457 1305 2526 constantia
1328 2457 1367 2522 in

270 2745 278 2758 .
298 2689 312 2714 ⁸
328 2681 378 2734 Sti
388 2685 455 2734 ‘¹¹⁸⁸
470 2686 606 2751 Noenu
614 2687 729 2752 nnat
742 2689 883 2752 «suem
892 2690 1003 2754 mem,
1014 2693 1039 2740 a
1049 2688 1189 2739 carnaea
1199 2685 1249 2748 so
1266 2681 1368 2750 pauo

266 2759 343 2810 Ψ·
353 2749 418 2798 Μ’
426 2753 567 2813 mmcd.
664 2750 676 2785 ⁶
693 2752 768 2801 ciero
777 2753 898 2804 atrium.

299 2817 311 2842 ²
327 2811 466 2864 laiteirter
476 2830 514 2866 eos
523 2815 819 2868 medlioclmraliotan
830 2821 876 2866 est.

266 3102 466 3155 omittuntlene.
482 3104 540 3154 Pal.
549 3109 574 3156 1.
583 3121 637 3156 een
646 3111 746 3156 me.
765 3106 841 3156 Voss.
851 3111 873 3158 1.
885 3113 912 3157 et
923 3106 1290 3170 Beer-concredirednrnetl
1306 3107 1370 3157 llas.

263 3169 371 3216 &omn
386 3167 526 3218 nisit-²²
546 3169 578 3219 ln
596 3172 680 3235 Bong.
697 3176 720 3221 t.
736 3175 835 3232 strepa
853 3185 966 3233 erasum,
980 3179 1008 3220 et
1023 3185 1154 3235 suprascr.
1172 3171 1258 3233 ituree.
1292 3169 1369 3222 Pith.

265 3232 363 3282 omittit
375 3233 483 3282 ram.
507 3235 584 3283 Voss.
594 3239 619 3284 2.
629 3235 689 3284 Pal.
700 3238 724 3284 1.
736 3244 764 3284 et
776 3236 835 3285 ΑΜ.
846 3236 1001 3292 reuertens:
1018 3237 1092 3286 Voss.
1105 3239 1128 3286 l.
1140 3243 1167 3284 et
1180 3237 1263 3296 Βοῦς.
1273 3239 1298 3284 2.
1310 3236 1369 3285 uet-

265 3297 358 3348 dum.
391 3297 658 3348 laeidorinoeiterrsr.
685 3300 798 3348 Floreat.
814 3299 973 3350 leid-Voss·
986 3306 1008 3350 1.
1021 3301 1078 3349 Pal.
1091 3305 1114 3348 l.
1127 3296 1369 3350 panniacum.

265 3359 367 3424 Grypo.
383 3369 411 3411 et
428 3362 495 3411 Mer.
504 3363 597 3422 rmus
605 3378 616 3422 ,·
633 3363 707 3413 Vere.
723 3367 748 3412 2.
763 3362 856 3423 incesti
873 3364 900 3412 in
917 3379 970 3414 eum
984 3363 1135 3428 possit-2³
1154 3363 1213 3412 l'rl.
1227 3368 1250 3412 1.
1268 3364 1371 3414 omittit

265 3425 375 3474 meiere.
399 3426 474 3475 Voss.
481 3430 507 3476 2.
520 3425 615 3475 terim
625 3425 772 3490 effugerent.
797 3426 855 3475 Pal·
865 3431 888 3476 1.
909 3429 1065 3478 Macedonem
1082 3427 1265 3476 mltitudieeer.
1291 3425 1367 3479 Mod.

264 3487 321 3536 Ele.
333 3498 362 3536 et
372 3490 503 3539 nonnulle
514 3489 574 3540 edd.
586 3499 648 3540 rote
658 3490 778 3542 Freinsh.
790 3491 914 3540 ornitrnrrt
930 3493 1063 3552 metetur,
1080 3491 1148 3556 qnod
1161 3499 1246 3540 tamen
1258 3501 1371 3542 serrant

266 3551 384 3600 Floreat.
396 3553 467 3601 laid.
478 3555 554 3605 Voss.
566 3560 589 3603 1.
607 3556 676 3604 Dru.
693 3555 752 3604 Pal.
764 3559 786 3604 1.
798 3556 895 3605 Vener.
906 3557 1005 3606 Veron.
1016 3557 1077 3606 Vnt·
1088 3554 1196 3605 Medici.
1209 3554 1268 3603 ΑΜ.
1280 3555 1369 3607 Collo.

266 3614 367 3679 Gryplr.
380 3616 455 3666 Frcb.
466 3617 535 3668 Mer.
547 3619 603 3667 001.
615 3627 644 3668 et
655 3619 715 3668 Bne.
726 3618 772 3668 sed
784 3619 861 3669 Voss.
869 3624 894 3669 2.
905 3621 1085 3670 sitem-tt
1099 3619 1211 3668 Floreat.
1220 3619 1284 3680 repit
1294 3633 1369 3670 suns

264 3679 349 3743 regies
365 3679 440 3732 neit.
450 3679 536 3734 Amet.
545 3689 575 3733 et
584 3681 667 3748 Lupd.
678 3683 830 3746 reclinares.
847 3684 925 3734 Vorr.
936 3689 961 3736 2.
971 3683 1041 3748 queri
1049 3683 1273 3734 miseran-se
1290 3682 1369 3734 idem

762 3843 871 3896 NOTAE

265 3987 347 4037 ruisse
366 3987 471 4037 ridetur
489 3987 608 4042 curtinas
625 3992 793 4055 nequeenim
833 3995 903 4042 terte
919 3990 1057 4052 Atheneo,
1071 3989 1117 4040 tib.
1129 4001 1166 4038 rr.
1198 3987 1241 4036 De
1253 3987 1370 4047 corone.

262 4064 424 4129 pegitrolunr
443 4063 601 4130 Dioxippus,
618 4067 665 4117 red
683 4075 793 4134 aspepe-
834 4066 944 4130 puniceo
963 4065 1094 4124 Amiculc,
1110 4067 1160 4114 &a
1180 4062 1238 4112 ride
1260 4063 1370 4118 Mercu·

265 4138 364 4198 wele
374 4144 441 4203 erat,
459 4139 485 4188 id
502 4148 554 4200 est,
570 4142 639 4192 omni
652 4142 794 4207 Gymnieo·
834 4141 935 4206 rislam,
946 4149 974 4192 et
986 4137 1259 4204 Fabrumindponist.
1302 4147 1306 4156 ·

266 4227 322 4265 ram
333 4213 504 4266 certaminum
514 4207 611 4280 genere
622 4219 794 4283 exercitator,
