3025 4892
301 369 368 437 774
540 389 573 450 o.
597 385 731 437 curru
755 383 846 436 nuru
871 380 945 436 utu.
968 371 1009 433 x.
1030 383 1112 434 aar.
1127 371 1159 434 8.

301 531 356 596 at.
373 530 457 596 ‘Sed
489 530 653 596 Perdicca
681 551 723 596 ne
752 529 886 614 pedites
917 528 1051 612 quidem
1081 533 1256 593 secuturos
1284 527 1397 610 ipsunt

300 634 523 718 desperabat:
544 634 670 717 itaque,
685 652 726 697 ne
741 629 940 698 abducendo
955 631 1085 714 equites
1103 629 1280 713 abrupisse
1299 648 1322 692 a
1343 645 1398 692 oe-

302 741 375 799 tero
389 735 539 798 exercitu
554 735 730 811 videretur,
744 734 779 798 in
795 733 873 797 urbe
889 733 1050 797 substitit.

355 851 438 902 rm.
473 837 506 900 1.
527 833 576 902 At
591 836 762 918 Meleager
787 855 895 918 regem
919 851 1053 899 monere
1075 853 1141 898 non
1161 832 1298 909 destitit,
1319 828 1398 914 ‘jus

301 938 434 1022 imperii
462 937 636 1003 Perdiccae
661 943 770 1001 morte
799 935 1015 1002 senciendum
1040 955 1133 1000 esse:
1157 935 1190 999 ni
1212 936 1398 1016 occupetur

302 1041 466 1125 impotens
489 1041 633 1111 animus,
655 1057 709 1104 res
733 1047 945 1108 novaturum.
991 1039 1185 1102 Meminisse
1203 1057 1290 1116 eum,
1313 1033 1396 1119 quid

302 1141 430 1222 detege
439 1143 623 1219 meruisset,
632 1142 796 1206 neminem
811 1147 923 1206 autem
938 1141 969 1206 ei
985 1141 1069 1206 satis
1082 1139 1184 1204 fidum
1198 1157 1285 1218 esse,
1295 1159 1395 1222 quem

302 1241 452 1309 metuat!
495 1245 527 1308 2.
550 1243 626 1307 Rex
651 1243 842 1326 patiebatur
865 1243 985 1324 magis,
1010 1261 1108 1325 quarn
1138 1242 1395 1306 assentiebatur.

203 1371 209 1380 ·
302 1345 427 1429 ltaque
454 1345 623 1427 Meleager
646 1344 815 1409 silentium
841 1362 902 1426 pro
924 1345 1066 1428 imperio
1090 1343 1216 1420 habuit,
1238 1342 1395 1425 misitque

299 1449 386 1530 regis
401 1449 544 1525 nomine,
556 1446 615 1531 qui
630 1443 813 1510 Perdiccan
822 1452 1042 1510 arcesserent:
1057 1444 1176 1508 iisdem
1189 1443 1393 1520 mandatum,

301 1555 362 1616 ‘ut
377 1550 578 1625 occiderent,
597 1548 629 1612 si
642 1548 754 1613 venire
767 1544 952 1612 dubitaret'
976 1588 979 1600 .
993 1547 1027 1611 3.
1051 1545 1225 1624 Perdicca,
1240 1544 1393 1608 nuntiato

300 1650 482 1716 satellitum
497 1650 655 1725 adventu,
669 1648 843 1713 sexdecim
853 1648 987 1712 omnino
1002 1649 1113 1732 pneris
1128 1647 1227 1730 regim
1243 1645 1394 1712 cohortis

299 1752 488 1830 comitatus,
504 1751 539 1815 in
564 1751 678 1814 limine
700 1747 822 1814 domus
843 1769 916 1814 suaa
940 1749 1107 1814 constitit:
1130 1747 1391 1830 castigatosque,

299 1861 336 1919 et
366 1853 551 1934 ‘Meleagri
578 1850 767 1936 mancipia’
797 1851 975 1916 identidem
1000 1851 1189 1934 appellans,
1214 1849 1265 1912 sic
1292 1849 1393 1912 animi

298 1956 479 2038 vultusque
494 1954 682 2018 constantia
695 1954 821 2030 terruit,
835 1955 947 2018 utrix
960 1955 1082 2018 mentis
1106 1959 1277 2036 compotes
1298 1949 1392 2034 suge·

297 2061 382 2122 rent.
424 2059 456 2119 4.
479 2055 641 2120 Perdicca
654 2073 775 2138 pueros
790 2055 933 2140 ‘equos’
951 2056 1058 2138 jussit
1079 2051 1343 2130 ‘conscendere,’
1358 2057 1393 2117 et

298 2177 372 2222 cum
384 2156 693 2240 paucisamicorum
706 2154 750 2220 ad
763 2155 972 2222 Leonnatum
984 2159 1132 2241 pervenit
1143 2177 1153 2237 3
1163 2155 1236 2238 jam
1248 2153 1392 2218 firmiore

296 2259 454 2342 praesidio
467 2258 535 2322 rim
558 2257 823 2340 propulsaturus,
847 2258 876 2322 si
903 2259 979 2341 quis
1005 2257 1149 2330 inferret.
1192 2259 1223 2319 b.
1247 2253 1390 2318 Postero

298 2359 354 2425 die
372 2359 509 2442 indigna
521 2379 575 2424 res
590 2358 835 2422 Macedonibus
849 2360 1032 2436 videbatur,
1051 2358 1233 2423 Perdiccan
1248 2356 1292 2420 ad
1306 2375 1391 2419 mor·

298 2463 342 2527 tis
366 2464 548 2546 periculum
575 2461 778 2543 adductum
801 2469 834 2526 et
860 2461 1022 2544 Meleagri
1054 2461 1265 2525 temeritatem
1288 2457 1390 2520 armis

256 2619 261 2626 .
296 2564 400 2628 ultum
416 2565 463 2627 ire
478 2564 713 2627 decreverant:
735 2563 768 2628 6.
786 2569 885 2647 atque
897 2563 954 2628 ille
971 2561 1135 2626 seditione
1150 2560 1297 2643 provisa,
1313 2577 1405 2622 cum·
1499 2597 1500 2604 .

297 2685 405 2749 regem
415 2665 567 2742 adiisset,
576 2667 777 2748 interrogare
789 2673 801 2700 ¹
815 2685 888 2730 eum
900 2665 1015 2748 coepit,
1028 2668 1039 2697 ‘
1054 2681 1097 2726 an
1107 2661 1288 2726 Perdiccan
1298 2677 1389 2726 com·
1436 2751 1447 2770 .
1499 2751 1500 2756 γ

750 2814 918 2836 ”Mum
921 2813 934 2832 θ

296 2917 322 2961 2.
332 2912 429 2962 omittit
447 2925 492 2975 que
508 2918 568 2975 post
583 2911 697 2974 plorebat.
730 2913 807 2964 Voss.
820 2917 843 2965 1.
863 2919 889 2964 2.
910 2913 972 2964 Pal.
990 2918 1013 2963 1.
1024 2911 1091 2962 Dan.
1110 2909 1192 3022 Βοηὶ.
1204 2913 1228 2958 1.
1240 2912 1265 2957 2.
1276 2907 1350 2959 Mod.
1362 2913 1390 2962 el

298 2977 382 3038 Lugd.
406 2977 432 3024 in
447 2977 554 3038 campis,-
579 2976 755 3028 Freinshemio
775 2979 888 3040 placuit:
907 2979 933 3026 in
949 2979 1100 3040 campa-ur
1121 2975 1172 3024 Fro
1192 2973 1248 3022 .Et
1265 2973 1390 3024 Perdere.
1499 2965 1500 2990 ³

293 3040 472 3103 Pai.l.ipror.
506 3040 734 3104 laiddirperubot.
767 3043 1103 3108 nonpeqoteretduceado.
1136 3040 1209 3089 Voss.
1225 3039 1388 3102 zamrim.

298 3105 357 3154 Pal.
372 3109 394 3152 l.
405 3120 420 3152 o
433 3106 533 3153 Cratero
543 3105 658 3164 andra,
668 3109 708 3170 gr.

328 3173 342 3218 1
360 3170 434 3218 νου.
446 3173 470 3218 1.
481 3168 521 3216 Ad
533 3170 660 3230 Meleager.
694 3170 771 3220 Voss.
783 3175 807 3219 2.
827 3185 874 3220 sorr
893 3171 997 3220 desistit.
1022 3168 1136 3218 Floreat.
1157 3167 1229 3218 Leid.
1239 3165 1314 3214 Voss.
1328 3170 1351 3214 l.
1363 3173 1388 3218 rt

295 3233 367 3283 Pitlr.
374 3233 418 3294 jur
428 3232 559 3295 imperinm.
592 3233 650 3282 Pri.
662 3238 686 3284 l.
698 3243 726 3283 et
737 3235 812 3284 Voss.
824 3239 848 3284 2.
859 3241 933 3284 morte
942 3235 1074 3284 amodum
1082 3247 1129 3282 rere
1144 3235 1296 3294 occuparetur
1302 3246 1313 3286 ,·
1329 3230 1388 3280 alii:

292 3303 567 3359 rrr.r.r.neecrrrpetrrr.
599 3296 942 3362 Pu.1.omtrrtrtmporm,·
960 3301 1069 3348 vorat.
1082 3296 1188 3356 omittit,
1203 3297 1318 3357 impotens
1337 3295 1389 3344 urri-
1499 3335 1500 3340 ,

292 3376 403 3422 rrrrruer,
414 3361 497 3424 spatio
507 3361 608 3410 relicto.
640 3359 755 3411 Floreat.
767 3363 839 3412 Leid.
851 3370 877 3412 et
886 3363 961 3411 Voss.
973 3367 996 3412 1.
1008 3377 1047 3410 rer
1057 3365 1211 3417 semorum,-
1227 3359 1302 3407 Voss.
1312 3362 1338 3407 2.
1348 3373 1389 3406 ao·
1499 3377 1500 3384 ¹

294 3431 414 3484 autenm,
425 3426 518 3474 omisso
532 3440 569 3473 rer
577 3440 587 3480 ,·
612 3423 667 3472 Prl.
681 3430 702 3475 1.
714 3435 740 3476 et
753 3428 841 3490 volgg.
852 3425 913 3476 edd.
926 3433 987 3476 ante
1005 3426 1120 3474 Freindr.
1138 3439 1216 3473 reram
1234 3437 1387 3470 remm—

292 3491 311 3535 2
329 3489 442 3538 Floreat.
452 3498 478 3538 et
491 3490 547 3538 Ele.
563 3489 604 3551 qai
612 3490 642 3537 de
652 3504 715 3552 rege.
748 3491 804 3539 Etr.
815 3491 961 3540 manducet.
994 3491 1065 3539 Pitb.
1081 3497 1107 3537 et
1120 3490 1193 3537 Voss.
1204 3487 1330 3536 zmiiui
1341 3500 1389 3535 erre

287 3550 376 3614 fldem.
409 3553 483 3600 Voss.
502 3557 527 3601 2.
547 3554 632 3616 Bong.
652 3559 674 3603 l.
693 3561 721 3604 et
740 3552 1113 3605 Pittr.aaeersirent.-a1.etd.
1133 3560 1159 3601 et
1173 3553 1246 3607 Voss.
1266 3555 1288 3600 l.
1307 3550 1388 3600 isdem.
1499 3547 1500 3608 ξ

295 3613 379 3677 Roug.
392 3617 414 3660 1.
426 3619 450 3662 2.
459 3617 590 3664 medacii.
617 3617 689 3667 Voss.
698 3623 723 3666 1.
742 3619 765 3666 ri
775 3636 797 3668 a.
809 3619 953 3670 dubitarent.
972 3619 1083 3667 Florent.
1102 3615 1174 3666 leid.
1186 3616 1260 3663 Voss.
1273 3620 1295 3664 1.
1304 3613 1388 3676 Bong.
1499 3647 1500 3678 .

296 3676 518 3727 ¹·²·⁸¹³¹¹‘t¹‘⁶¹'¹⁸
528 3678 640 3735 minvs·
662 3679 721 3729 Pel.
734 3685 757 3729 1.
770 3684 901 3745 quindecim
911 3683 1012 3731 mairo.
1046 3677 1281 3730 Vosr.2.cosrirtit.
1313 3678 1388 3727 Mod.

287 3742 460 3803 smmi-*4
477 3742 593 3790 morelli·
606 3743 677 3792 beid.
689 3745 764 3792 Vota·
779 3751 801 3796 l.
814 3747 873 3796 Ald.
886 3748 968 3797 Coliu.
978 3745 1080 3810 Grypb.
1092 3745 1158 3794 Mer.
1169 3744 1230 3792 Bes·
1239 3751 1266 3791 et
1278 3743 1335 3792 Col.
1345 3757 1388 3804 ps·

292 3807 350 3856 eris.
383 3804 548 3864 Piliujurrir.
582 3804 641 3854 Ald·
659 3807 682 3856 ri
700 3809 816 3872 quispiam
834 3810 990 3870 insensa-5
1009 3810 1125 3859 Floreat·
1144 3807 1216 3858 aeid.
1234 3807 1310 3856 Voss.
1324 3810 1350 3854 1.
1362 3810 1387 3855 2.

292 3869 451 3932 Bong.l.2.
468 3870 574 3919 etMer.
594 3870 694 3921 Postero
713 3873 760 3922 die.
793 3873 1116 3924 Pitinomittiteidebrrtur.
1150 3872 1218 3921 Mer.
1230 3876 1253 3920 et
1265 3871 1388 3932 Meleager
1499 3861 1500 3924 ἶ

295 3937 484 3984 ...decre-cerat.
502 3934 577 3982 Voss.
587 3938 612 3983 2.
623 3943 650 3984 et
662 3937 718 3988 Pel.
731 3941 753 3985 1.
764 3937 813 3987 tttae
823 3953 843 3987 s.
853 3941 955 4002 marim
964 3953 984 3986 r.
994 3951 1015 3988 r.
1024 3953 1047 3987 d.
1058 3939 1075 3986 i.
1086 3953 1107 3985 e.
1119 3935 1205 4000 σαφῆ,-
1229 3934 1289 3982 edd.
1300 3935 1388 3998 vulgg.
1499 3933 1500 3984 ἰ

786 4047 895 4126 nore

326 4141 518 4204 *latrnogerrl
538 4144 630 4192 Coram
647 4142 710 4205 ipris
730 4143 819 4192 militi·
858 4127 1091 4206 iprerexjrrrrirret.
1119 4141 1170 4191 Alii
1188 4141 1242 4192 ric:
1260 4141 1389 4206 Atquilh'

293 4217 353 4278 bur,
370 4217 411 4265 Aa
428 4230 479 4265 non
500 4215 638 4268 Perdiccam
659 4217 820 4280 mutendi
858 4234 912 4270 cers
929 4233 1009 4281 regem
1024 4219 1138 4284 αἰναί,
1155 4221 1199 4269 iat.
1216 4233 1271 4268 m
1291 4233 1388 4285 rupere,
