3025 4892
410 453 469 500 un.
492 451 587 501 cxrr.
609 437 642 500 4.
678 451 714 500 Α.
740 453 800 499 cu.
823 453 861 500 ιι.
881 435 958 501 328.
1169 433 1235 501 537

142 595 319 662 tendentis:
342 595 400 662 cui
414 597 568 680 quisquis
584 602 692 664 semet
710 595 852 673 offerret,
867 597 902 659 in
918 615 1018 660 sunm
1033 604 1138 681 ceput
1153 597 1234 663 alie·

141 717 213 762 nam
227 697 360 764 cladem
373 701 457 762 ‘csse
477 698 666 764 versurum?
708 699 764 763 23.
788 699 830 762 Et
844 699 918 782 ipse
932 698 1069 782 quidem
1093 699 1235 782 Syeimi·

144 799 227 863 tbres
249 800 456 864 deditionem
472 801 661 865 annuebat:
684 804 829 864 ceterum
842 805 948 864 meter
960 799 1141 884 eademque
1155 819 1234 864 ooo·

138 901 207 985 jux,
227 903 421 966 moriturum
444 921 481 966 so
503 909 580 966 ante
601 901 812 978 denuntians,
828 920 930 984 qnam
946 902 981 964 in
996 900 1096 966 ullius
1110 902 1236 967 veniret

142 1011 350 1086 potestatem,
377 1004 514 1068 barbari
538 1005 683 1069 animum
709 1003 752 1067 ad
775 1003 965 1068 honestiora
986 1022 1087 1086 quam
1109 1003 1235 1070 tutiora

143 1111 364 1184 converterat3
386 1105 608 1188 pudebatque,
624 1104 788 1169 libertatis
802 1104 913 1187 majus
926 1123 1003 1168 esse
1020 1105 1111 1187 apud
1126 1106 1235 1170 foemi-

142 1223 316 1289 nosquam
336 1207 427 1289 apud
451 1207 540 1272 viros
552 1207 714 1289 pretium.
758 1205 812 1271 29.
835 1206 967 1289 ltaque,
984 1207 1121 1271 dimisso
1136 1208 1235 1272 inter·

140 1307 248 1371 nuntio
264 1307 375 1390 pacis,
388 1307 600 1372 obsidionem
613 1307 701 1372 ferre
713 1307 918 1372 decreverat.
947 1307 1017 1372 Sed
1031 1327 1108 1371 cum
1123 1309 1234 1374 hostis

142 1409 226 1472 uires
253 1427 400 1492 suasque
424 1417 600 1491 pensaret3
630 1428 749 1475 rursus
774 1409 949 1473 muliebris
974 1408 1119 1488 consilli,
1144 1410 1235 1494 qued

140 1529 290 1594 preceps
301 1511 412 1594 magis
431 1530 533 1596 qnam
553 1513 778 1576 necessarium
795 1529 873 1575 esse
885 1511 1054 1587 credebat,
1069 1512 1234 1595 poenitere

140 1613 339 1695 eumcoepit.
382 1611 436 1676 30.
459 1611 705 1696 Revocatoque
719 1619 854 1676 strenue
866 1609 1007 1686 Oxarte,
1021 1611 1183 1676 ‘sutorum
1195 1631 1234 1676 se

139 1713 170 1775 in
184 1715 271 1796 regis
293 1712 483 1796 potestate'
505 1712 700 1797 respondit3
730 1731 835 1776 noum
849 1720 1017 1795 precatus,
1039 1718 1103 1776 ‘ne
1116 1713 1234 1777 volun-

140 1817 234 1877 tatem
251 1823 291 1879 et
304 1814 483 1879 consillum
496 1815 614 1879 matris
630 1833 703 1879 suar
717 1813 883 1896 proderet,
904 1833 972 1897 quo
985 1813 1122 1878 facilius
1136 1813 1236 1878 venio

138 1914 183 1978 illi
204 1935 345 1999 quoque
360 1915 609 1998 impetraretur!
651 1916 705 1982 31.
733 1915 952 1980 Praemissum
966 1917 1065 1998 igitur
1078 1915 1235 1979 Oxarten

138 2035 207 2080 cum
222 2025 332 2082 matre
347 2017 530 2100 liberisque
552 2023 585 2082 et
606 2016 712 2082 totins
731 2017 941 2099 cognationis
955 2036 1054 2100 grege
1068 2018 1234 2100 sequeba-

139 2129 198 2196 tur,
209 2140 253 2183 ne
269 2126 452 2202 expectato
466 2119 600 2202 quidem
614 2119 697 2184 fidei
711 2119 858 2202 pignore,
878 2119 970 2202 quod
991 2117 1140 2184 Oxartes
1159 2140 1236 2204 pro·

137 2221 281 2285 miseret.
327 2219 382 2284 32.
397 2220 489 2298 Rex,
498 2220 612 2303 equite
623 2220 814 2303 praemisso,
825 2220 885 2303 qui
901 2221 1040 2285 ‘reuerti
1049 2220 1129 2285 eos*
1137 2222 1235 2304 jube·

137 2333 182 2388 ret
194 2328 204 2356 ‘
215 2322 431 2407 opperirique
442 2321 657 2405 praesentium
668 2320 798 2405 ipsius,'
814 2323 1019 2405 superuenit,
1031 2321 1235 2402 et,victimie

138 2424 300 2490 ldinervae
313 2443 355 2488 ac
367 2422 529 2488 Victoriae
543 2425 655 2500 cesis,
671 2423 845 2507 imperium
862 2423 1054 2506 Sysimitbri
1069 2423 1234 2502 restituit;

136 2531 211 2608 spe‘
221 2525 369 2610 majoris
377 2526 478 2590 etiam
490 2523 696 2608 provinoioe'
709 2525 812 2603 secte,
827 2525 878 2588 ‘si
887 2545 964 2591 cum
973 2524 1041 2589 lide
1051 2525 1236 2589 amicitiam

135 2627 238 2710 ipsius
252 2624 443 2692 coluisset!
478 2627 533 2692 33.
555 2627 653 2692 Duos
667 2625 719 2690 illi
729 2627 880 2710 juvenes
890 2633 988 2710 petre
997 2627 1150 2691 tradente
1165 2629 1236 2689 ‘se-

135 2747 207 2794 cum
223 2730 437 2794 militaturos
452 2727 569 2813 sequi’
591 2729 713 2812 jussit:
736 2728 854 2792 relicta
868 2727 985 2810 deiude
999 2728 1176 2811 phalange,
1190 2726 1237 2791 ed

134 2812 352 2916 subigendos,
383 2832 442 2913 qui
471 2829 672 2908 deiecerunt,
703 2849 780 2894 cum
808 2829 924 2912 equite
956 2829 1135 2911 processit.
1176 2826 1234 2892 34.

134 2932 287 3002 Arduum
315 2937 350 2996 et
369 2931 565 3016 impeditum
586 2933 682 2998 sexis
703 2932 767 2996 iter
784 2931 892 3013 primo
913 2937 1092 3014 utcumque
1110 2931 1234 2994 tolera·

133 3037 210 3100 beot
223 3057 233 3100 ι
257 3053 345 3098 mox
365 3053 525 3117 equorum
541 3053 610 3098 non
626 3031 760 3116 ungulis
774 3032 877 3096 modu
891 3033 1023 3109 attritis,
1039 3030 1098 3095 sed
1112 3049 1236 3115 eorpo-

133 3137 220 3222 ribus
235 3137 342 3202 etiam
357 3135 515 3217 fatigatis,
532 3136 629 3218 sequi
644 3133 798 3218 plerique
813 3152 877 3197 non
891 3138 1055 3217 poterant,
1071 3137 1105 3197 et
1127 3132 1234 3197 rarius

134 3239 273 3303 subinde
291 3255 411 3320 agmen
425 3235 540 3314 fiebat,
550 3235 724 3320 pudorem,
734 3241 774 3300 ut
787 3236 857 3299 fere
866 3235 916 3312 lit,
925 3235 1107 3302 immodico
1120 3234 1236 3298 labore

134 3341 297 3406 vincente.
340 3337 396 3401 33.
420 3335 499 3402 Rex
514 3344 637 3416 minen,
651 3336 792 3402 subinde
812 3355 920 3420 equos
934 3342 1081 3414 mutans,
1098 3336 1171 3400 sine
1185 3335 1235 3398 in·

132 3442 341 3508 termissione
353 3437 520 3520 fugientes
531 3440 782 3526 insequebatur.
827 3437 970 3503 Nobiles
973 3438 1114 3522 juvenes
1128 3435 1235 3504 comi·

592 3631 777 3658 ”mm

130 3781 207 3840 retis
218 3779 296 3840 rupe!
309 3774 535 3836 disertudo-28
554 3773 611 3824 Pul.
623 3778 647 3823 l.
659 3773 727 3823 Mer.
739 3773 803 3822 Bas·
820 3778 848 3820 et
859 3770 916 3821 col.
928 3769 1054 3820 mutar.
1086 3771 1235 3823 vomet

132 3839 352 3894 Poenarum.
385 3839 442 3887 Pal.
455 3843 478 3887 1.
488 3839 576 3887 uenire.
610 3836 1088 3899 venaomirrltqmtnrtm-aa
1104 3835 1235 3887 Idumen·
1258 3864 1262 3870 ·

130 3908 176 3957 den
188 3906 291 3957 omittit
296 3904 378 3964 serre.
412 3901 470 3952 Pel.
483 3906 505 3952 1.
517 3903 595 3952 horter
604 3903 710 3964 uberque
717 3915 773 3950 ιιιαι
780 3916 790 3959 ,·
806 3901 882 3950 Voss.
893 3903 917 3948 3.
928 3899 996 3949 Mer.
1008 3907 1036 3950 et
1047 3901 1103 3950 Col.
1114 3900 1189 3949 bores
1199 3902 1237 3950 ei·

129 3987 164 4024 m
172 3973 309 4022 rum-³⁰
325 3965 361 4016 'rb
373 3966 467 4016 own
479 3965 569 4016 endem
581 3967 707 4016 verietate
724 3966 821 4028 legitor
832 3963 858 4013 ln
875 3963 992 4014 reddet
1003 3962 1063 4014 edd.
1075 3971 1140 4013 vett.
1152 3972 1182 4015 ut
1192 3979 1234 4014 ιιι·

129 4051 173 4100 prr
183 4039 198 4100 t
209 4040 253 4085 2⁵.
266 4037 312 4083 27.
346 4031 464 4079 Florent.
478 4029 552 4079 Laid.
564 4030 643 4080 Voss.
655 4031 679 4080 1.
690 4033 716 4079 a.
727 4029 825 4079 Venet.
836 4028 933 4078 Veron.
945 4027 1004 4078 vet.
1015 4041 1056 4075 ιιι.
1067 4031 1141 4077 lm.
1174 4029 1234 4078 Me·

130 4101 186 4150 dol.
197 4101 269 4149 ller-
281 4095 346 4146 Are.
358 4094 443 4144 Collo.
455 4093 557 4158 Gryph.
565 4095 627 4143 Bor.
637 4100 666 4144 et
676 4094 733 4143 Col.
744 4107 817 4143 ιιιιιιιι
826 4092 1044 4156 immotum-⁸2
1055 4092 1124 4141 Dan.
1136 4096 1165 4140 et
1174 4092 1233 4145 Pal.

129 4169 151 4214 1.
161 4160 365 4229 ymbrae
391 4158 450 4207 Pal.
463 4163 486 4208 1.
498 4164 520 4207 et
530 4173 555 4208 ιι.
566 4159 672 4208 mirum
681 4173 710 4207 un
724 4157 754 4208 V.
765 4157 908 4206 corbe-³³
920 4155 995 4206 Idem
1003 4155 1100 4207 codar:
1112 4157 1197 4206 renota
1207 4160 1233 4208 d.

126 4243 149 4290 p.
168 4233 200 4278 od
219 4223 474 4290 permanendum-it
491 4223 566 4272 Vere.
583 4225 609 4276 a.
631 4223 720 4272 modico
738 4222 892 4272 neom-tu
909 4219 968 4270 Pal.
986 4225 1008 4270 1.
1031 4221 1129 4272 omittit
1147 4225 1234 4276 tem

130 4293 200 4344 Voss.
210 4295 235 4343 2.
249 4290 310 4343 Pel.
321 4292 343 4338 l.
353 4287 422 4337 Mer.
434 4285 495 4338 Ber.
506 4293 533 4337 et
545 4285 707 4348 (latiarem
716 4287 839 4338 renitere.
869 4286 939 4338 Mer.
949 4285 1050 4354 odebor.
1084 4285 1160 4334 Voss·
1171 4288 1233 4338 aar
