3025 4892
273 337 339 406 760
523 353 557 411 Q·
579 349 711 400 cuerit
735 350 824 400 eurr
851 350 922 398 cra.
946 349 986 398 x.
1011 351 1093 400 ose.
1112 337 1144 399 5.

274 495 386 576 tieque
398 499 432 558 et
453 493 644 576 planctibus
669 500 738 558 tota
763 495 854 576 regia
872 495 1094 577 personabat:
1117 511 1198 558 mox
1221 493 1314 558 velut
1334 495 1368 558 in

273 604 376 659 vasta
390 594 572 660 solitudine
589 596 701 659 omnia
728 596 814 659 tristi
839 596 971 660 silentio
995 602 1089 660 muta
1115 597 1302 678 torpebant,
1324 595 1369 660 ad

276 697 506 780 cogitationes,
520 696 601 779 quid
618 695 738 760 deinde
763 695 910 760 initurum
934 705 1033 774 esset,
1057 696 1169 760 dolore
1196 715 1369 762 converso

274 796 308 862 8.
334 796 474 862 Nobiles
490 797 595 880 pueri,
611 796 777 860 custodire
791 798 940 880 corporis
955 797 1030 880 ejus
1045 799 1181 875 assueti,
1195 817 1257 862 nec
1273 798 1371 862 dolo·

276 901 323 966 ris
352 899 615 980 magnitudinem
639 917 771 981 capere,
796 917 859 963 nec
882 919 919 964 se
937 901 1034 982 ipsos
1057 902 1142 964 intra
1170 901 1371 966 vestibulum

275 1002 375 1083 regiae
398 1001 540 1064 retinere
559 1006 755 1084 potuerunt;
778 1001 923 1084 vagique
939 1010 973 1066 et
986 1001 1168 1066 furentibus
1180 1002 1306 1066 similes
1318 1007 1371 1066 to·

276 1108 343 1166 tam
358 1103 469 1166 urbem
484 1101 574 1168 luctu
588 1121 630 1168 ac
645 1122 786 1168 moerore
802 1104 1063 1185 compleverant,
1075 1103 1176 1167 nullis
1196 1104 1370 1186 questibus

277 1202 423 1280 omissis,
447 1222 537 1286 quos
564 1205 599 1267 lo
629 1204 686 1268 tali
713 1222 796 1267 casu
822 1204 919 1268 dolor
941 1205 1097 1286 suggerit.
1140 1203 1172 1268 9.
1200 1205 1287 1286 Ergo
1310 1206 1370 1288 qni

212 1374 218 1391 ¹
276 1313 376 1369 extra
402 1307 527 1388 regiam
555 1308 741 1381 astiterant,
767 1305 973 1371 Macedones
1004 1307 1127 1390 pariter
1155 1305 1368 1389 barbarique,

276 1416 495 1488 concurrunt3
524 1427 587 1472 nec
614 1415 768 1488 poterant
791 1409 871 1472 victi
899 1427 921 1472 a
946 1409 1128 1474 victoribus
1147 1407 1180 1470 in
1203 1407 1370 1472 communi

276 1505 394 1572 dolore
407 1509 563 1574 discerni.
608 1510 738 1586 Peraae,
762 1507 1003 1591 ‘justissimum
1025 1527 1065 1572 ac
1082 1508 1294 1572 mitissimum
1310 1506 1370 1572 do-

275 1608 425 1687 minum,'
461 1611 679 1686 Macedones,
716 1609 902 1690 ‘optimum
928 1629 970 1673 ac
994 1607 1209 1674 fortissimum
1238 1606 1371 1690 regem’

275 1708 482 1789 invocantes,
497 1718 663 1776 certamen
678 1709 849 1794 quoddam
866 1710 1018 1775 moeroris
1029 1709 1180 1774 edebant.
1225 1711 1278 1774 10.
1293 1709 1370 1774 Nec

276 1819 471 1877 moestorum
495 1815 615 1890 solnm,
640 1811 698 1876 sed
722 1811 824 1875 etiam
839 1811 1079 1894 indignantium
1092 1829 1193 1875 voces
1207 1812 1371 1876 exaudie-

277 1909 418 1992 bantur3
441 1919 532 1977 ‘tam
551 1914 687 1977 viridem
703 1920 738 1976 et
752 1914 786 1976 in
799 1913 881 1976 flore
895 1914 1008 1977 aetatis
1021 1912 1228 1995 fortunaeque
1242 1913 1374 1976 invidia

277 2011 389 2076 Deum
402 2021 551 2096 ereptum
565 2033 639 2076 esse
654 2013 755 2076 rebus
768 2011 941 2076 humanis?
984 2011 1089 2095 Vigor
1110 2013 1186 2097 eJ’us
1208 2020 1241 2076 et
1262 2013 1372 2077 vultus

166 2121 169 2126 ’
277 2112 449 2178 educemis
462 2115 497 2176 in
511 2115 664 2196 praelium
685 2113 822 2192 milites,
847 2113 1036 2206 obsidentis
1061 2115 1172 2192 urbes,
1197 2113 1371 2178 evadentis

276 2215 312 2280 in
327 2233 453 2292 muros,
467 2213 570 2280 sortes
586 2215 676 2280 viros
692 2233 753 2298 pro
769 2215 930 2280 concione
953 2214 1134 2293 donantis:
1157 2216 1374 2283 occurrebant

277 2315 398 2380 oculis.
443 2316 497 2379 11.
519 2315 606 2380 Tum
632 2315 853 2392 Macedonas,
873 2314 1025 2380 ‘divinos
1046 2317 1187 2380 bonores
1208 2313 1374 2396 negasse’

276 2415 318 2494 ei,
340 2416 544 2499 poenitebat:
568 2417 777 2500 ‘impiosque
799 2424 834 2480 et
855 2417 1001 2499 ingratos
1024 2415 1131 2482 fuisse
1155 2417 1213 2482 se'
1234 2415 1373 2481 confite-

309 2638 321 2661 ·
337 2631 369 2681 Ia
378 2634 689 2684 membrumue·
697 2633 876 2682 maeatas

278 2855 496 2917 emissarium-'l
513 2859 588 2909 Voss.
599 2862 623 2909 1.
638 2860 675 2908 At
691 2859 776 2922 prinu
809 2857 867 2908 Psi.
883 2863 904 2908 1.
922 2857 1020 2908 omittit
1037 2857 1123 2908 mio.
1154 2859 1230 2906 Vera.
1243 2861 1268 2906 1.
1278 2855 1374 2906 silentio

277 2924 426 2970 nuato-8
442 2921 516 2971 Idem
527 2923 628 2972 codex:
645 2923 696 2983 ῥυ
708 2924 819 2984 corporia
853 2924 919 2972 Dan.
936 2923 1170 2983 multudinem,
1186 2921 1231 2970 sed
1247 2919 1376 2983 jugulatis

277 2985 360 3033 tribus
370 2987 505 3046 postremis
514 2986 639 3045 ttrertqer
649 2985 681 3035 ad
691 2987 832 3047 marginem
841 2987 956 3048 ascripta
963 2987 1052 3034 eadem
1062 2999 1139 3034 manu
1148 2999 1241 3041 curere:
1258 2985 1374 3033 Floreat.

277 3049 733 3109 ervom.1.mgattsdtmcarere;
751 3049 828 3099 Voss.
844 3053 869 3099 1.
889 3049 948 3098 Pal.
962 3054 984 3099 1.
1001 3049 1062 3099 ΑΜ.
1081 3049 1165 3098 Colin.
1184 3048 1283 3112 Grypb.
1303 3048 1374 3098 Mer.

278 3111 725 3173 Bu.erc01.msttsetseeerere;
749 3114 823 3163 leid.
838 3113 1025 3174 mutuatam
1035 3127 1126 3162 omre.
1151 3113 1258 3162 νοω.
1276 3112 1376 3161 omittit

276 3190 360 3226 mre.
396 3176 509 3226 Floreat.
531 3177 604 3227 leid.
623 3178 699 3225 Voss.
710 3181 731 3226 l.
749 3185 777 3227 et
794 3178 878 3240 Boon.
890 3182 914 3227 1.
930 3182 1153 3239 teserepotuerrrat.
1173 3177 1230 3227 Pal.
1242 3180 1264 3224 1.
1274 3175 1377 3225 omittit

270 3240 417 3300 serentibus,
427 3247 454 3289 et
465 3239 503 3289 ric
514 3240 588 3290 Voss.
598 3245 623 3290 1.
635 3239 682 3289 sed
694 3241 773 3290 lrabet
785 3241 810 3290 iu
822 3243 945 3304 margine.
974 3241 1089 3290 Floreat.
1102 3249 1129 3290 et
1141 3240 1215 3290 Laid.
1226 3244 1336 3296 tortemr
1347 3247 1375 3290 et

276 3305 314 3352 ita
328 3306 395 3354 Dan.
407 3303 453 3353 red
470 3303 504 3351 ab
523 3303 613 3353 eadem
632 3319 709 3352 manc
725 3309 801 3353 toturn
817 3305 915 3355 fretum
935 3311 984 3355 est·
1016 3305 1091 3353 Voss.
1108 3307 1132 3354 1.
1150 3308 1220 3367 atque
1234 3317 1375 3350 morere.-

276 3371 294 3415 o
309 3369 384 3418 Voss.
394 3372 419 3419 1.
431 3368 574 3418 murdrum
583 3373 653 3430 utque
664 3368 845 3418 iambum
851 3385 861 3428 ,·
880 3369 937 3418 Pal.
947 3375 969 3420 1.
977 3369 1137 3428 justissimam
1147 3383 1176 3416 ac
1186 3366 1375 3418 eruissem

277 3435 470 3482 -1cvosr.1.
489 3432 631 3490 erasm.
663 3431 747 3494 Βοῦς.
759 3435 783 3482 1.
802 3439 830 3481 et
845 3433 920 3483 Voss.
934 3438 957 3481 1.
974 3439 1076 3496 mons
1085 3447 1143 3481 m.
1175 3433 1290 3481 illucent.
1304 3431 1375 3480 [reid.

278 3493 355 3543 Voss.
367 3500 391 3544 ι.
403 3507 429 3545 et
441 3497 524 3558 Βοῦς.
533 3497 698 3547 mauu-11
711 3497 786 3547 Voss.
797 3500 822 3546 1.
832 3497 930 3547 borma
938 3499 1073 3558 dmum.
1094 3496 1208 3544 Floreat.
1218 3494 1288 3544 [reid.
1298 3495 1375 3544 Voss.

276 3560 304 3606 1.
321 3559 391 3607 Dan.
408 3561 493 3624 Bong.
513 3565 537 3609 1.
558 3569 585 3610 et
602 3561 669 3610 Mer.
688 3561 841 3624 pnitednrt.
874 3563 950 3612 Voss.
966 3565 991 3610 1.
1009 3567 1037 3609 at
1055 3559 1112 3608 Pal.
1124 3563 1146 3608 1.
1166 3559 1290 3610 omittunt
1305 3573 1375 3608 ar.-

771 3705 879 3756 Nom

277 3807 335 3850 erat
361 3799 468 3862 olymp.
494 3811 571 3849 extr.
599 3800 710 3863 prinus:
742 3801 805 3852 rita
845 3803 980 3866 expletus:
1008 3806 1071 3851 ante
1096 3812 1173 3850 oram
1198 3795 1296 3846 Christi
1317 3800 1377 3846 111.

277 3875 420 3925 Alexandri
436 3875 529 3923 tertius
547 3889 626 3939 supra
645 3875 805 3940 trigesimum
844 3877 911 3926 Vide
922 3871 1376 3936 Patavium,salianum,llsserium‚

277 3950 312 4002 ab
322 3958 382 4000 octo
393 3951 498 4001 circiter
509 3951 653 4002 montibusa
664 3953 737 4014 regni
746 3953 804 4002 Ma·
845 3951 976 4001 Radernur
987 3952 1035 4000 boa
1046 3951 1113 4005 loeo,
1122 3953 1172 4000 dre.
1182 3962 1215 3997 ex
1226 3947 1322 4012 quibus
1331 3961 1375 3996 re·

278 4027 396 4077 cedonmi
412 4027 578 4078 duodecimus
597 4041 655 4078 curn
674 4027 804 4079 mensibus
845 4033 915 4076 teres
935 4026 1028 4090 partim
1050 4024 1199 4085 conciliare,
1217 4022 1315 4086 partim
1335 4037 1374 4073 ra·

277 4110 380 4164 reptem
408 4109 454 4153 aot
471 4110 549 4164 octo;
571 4103 674 4166 imperii
693 4103 804 4154 Asiatici
844 4102 1035 4155 sellareliceat.

278 4177 312 4228 ab
322 4180 438 4229 extincto
453 4180 535 4229 Dario
551 4179 680 4244 septimus
691 4177 807 4232 nondum
