3025 4892
423 383 481 432 οι..
505 379 615 430 oxrrr.
637 365 669 432 2.
707 381 743 432 s.
767 381 827 434 urr.
850 364 985 431 13337.
1180 363 1246 431 663

148 522 213 586 cuti
227 521 356 586 belluas
367 521 401 586 in
420 527 526 588 semet
536 522 708 590 irritavere
724 521 938 590 vulneribuss
960 523 1077 590 obtriti
1091 541 1171 606 ergo
1185 543 1245 607 pe-

150 623 245 688 dibus
260 642 385 700 earnm,
401 625 534 702 ceteris,
549 633 586 692 nt
607 626 745 709 parcius
764 626 941 704 instarent,
956 625 1050 690 suere
1066 621 1245 692 documen·

148 731 227 788 tum.
270 725 326 792 27.
350 726 527 809 Praecipue
542 727 698 794 terribilis
714 726 777 791 illa
790 723 899 792 iacies
918 723 1017 804 orati
1035 746 1111 792 cum
1126 728 1247 792 manni

146 847 236 892 arma
251 830 410 913 virosque
425 830 638 912 corriperent,
652 835 685 896 ct
699 848 802 912 super
815 848 853 894 sa
866 831 1054 912 regentibus
1067 830 1245 894 traderent.

145 927 196 994 28.
221 927 360 1014 Anceps
375 951 452 1014 ergo
468 951 580 1014 pugna
595 951 682 996 nuno
696 931 919 1016 sequentium,
934 951 1022 996 nnnc
1043 931 1241 1014 fugientium

145 1030 353 1114 elephantos,
369 1033 404 1097 in
418 1034 558 1098 multum
573 1033 639 1098 diei
654 1035 781 1107 varium
797 1040 969 1098 certamen
985 1033 1160 1110 extraxit*
1183 1033 1244 1098 do-

146 1151 206 1197 nec
225 1137 404 1200 securibus
426 1135 473 1213 (id
496 1155 641 1219 namque
655 1155 757 1218 genus
779 1135 900 1200 auxilii
915 1143 1141 1220 praeparatum
1157 1132 1245 1218 erat)

146 1236 248 1318 pedes
262 1245 437 1319 amputare
453 1245 639 1320 coeperunt.
666 1237 720 1302 29.
737 1236 952 1321 ‘Copidas'l
974 1245 1096 1304 vocant
1110 1238 1244 1319 gladios

146 1336 264 1401 ieviter
277 1343 449 1415 curvatum,
464 1338 609 1404 falcibus
628 1339 766 1418 similes,
790 1338 867 1421 quis
887 1340 1095 1421 appetebant
1112 1339 1244 1404 hellua-

146 1459 213 1503 rum
231 1459 373 1504 manns:
396 1460 458 1506 nec
483 1441 661 1524 quicquam
682 1441 895 1524 inexpertum
914 1459 979 1504 non
999 1440 1119 1504 mortis
1132 1440 1244 1516 modo,

146 1540 202 1604 sed
218 1541 324 1606 etiem
340 1542 373 1604 in
387 1542 464 1624 ipsa
478 1549 583 1606 morte
598 1543 678 1606 novi
695 1542 854 1625 supplicii
868 1541 969 1606 timor
983 1542 1169 1607 omittebat.
1189 1542 1244 1606 30.

146 1641 233 1724 Fuge
263 1643 443 1724 elephanti,
474 1643 663 1708 vulneribus
688 1643 820 1707 taudem
846 1641 989 1724 fatigati,
1012 1661 1095 1708 suos
1117 1641 1244 1726 impetn

146 1751 306 1822 sternunt,
320 1753 355 1808 at
369 1745 428 1828 qui
442 1751 598 1810 rexerant
613 1763 686 1822 eos,
703 1746 908 1828 praecipitati
927 1745 963 1810 in
982 1750 1113 1820 terram,
1134 1743 1178 1808 ab
1191 1742 1244 1824 ip·

146 1846 191 1909 sis
206 1847 451 1910 obterebantur.
494 1846 548 1910 31.
572 1843 691 1928 Itaque
706 1865 865 1928 pecorum
882 1844 983 1910 modo
996 1844 1104 1926 magis
1117 1842 1243 1927 pavidi,

145 1965 245 2030 qoam
262 1948 389 2024 infesti,
400 1947 486 2012 ultra
497 1947 604 2014 aciem
616 1948 859 2030 exigebantnr3
880 1967 956 2012 oum
971 1945 1092 2024 Porus,
1103 1946 1244 2011 destitu-

146 2057 200 2114 tus
213 2067 237 2113 a
257 2049 423 2132 pluribus,
448 2050 517 2113 tela
538 2047 643 2114 multo
668 2057 745 2112 anto
766 2047 1006 2133 praepuratuin
1020 2046 1244 2112 circumfusos

146 2169 187 2214 ex
208 2150 388 2234 elephanto
411 2169 475 2216 suo
499 2150 605 2234 coepit
619 2149 778 2232 ingerere,
792 2151 973 2233 multisque
986 2149 1117 2214 eminus
1132 2151 1244 2216 vulne·

145 2251 236 2329 ratis,
251 2253 427 2335 expositus
441 2252 517 2336 ipse
532 2252 578 2317 ad
592 2252 680 2318 ictus
698 2253 845 2337 undique
865 2253 1053 2336 petebatur.
1096 2251 1150 2321 32.
1173 2251 1244 2314 Νο-

147 2371 218 2416 vem
228 2353 306 2435 jam
320 2353 459 2420 vulnera
472 2355 547 2420 hinc
568 2361 671 2438 tergo,
686 2355 779 2420 illinc
795 2362 933 2437 pectore
949 2360 1146 2434 exceperat,
1160 2352 1245 2416 mul·

146 2461 247 2536 toque
275 2455 435 2537 sanguine
457 2455 596 2539 profuso
618 2455 784 2538 languidis
804 2455 961 2520 manibus
982 2455 1089 2536 magis
1111 2452 1243 2536 elapsa,

148 2574 247 2636 qnam
271 2573 420 2619 excussa
441 2555 509 2620 tela
529 2556 706 2624 mittebat!
746 2556 801 2620 33.
825 2556 902 2621 Neo
916 2557 1054 2637 segnius
1068 2556 1181 2621 bellua
1195 2556 1244 2619 in·
1304 2639 1309 2649 ι

148 2656 269 2719 stincta
283 2654 390 2731 rabie,
404 2656 552 2722 nondum
566 2657 681 2722 sauoia
695 2657 911 2722 invehebatur
928 2658 1101 2722 ordinibus
1113 2678 1123 2738 ;
1138 2655 1243 2721 donec

146 2763 254 2821 rector
275 2756 400 2820 belluae
424 2777 534 2840 regem
558 2760 749 2843 conspexit,
771 2759 951 2823 fluentibus
973 2759 1127 2823 memhris
1142 2760 1244 2822 omis-

148 2859 260 2942 sisque
282 2857 385 2922 armis
407 2859 468 2924 vix
490 2866 678 2943 compotem
692 2861 824 2926 mentis.
867 2860 922 2926 34.
945 2863 1033 2926 Tum
1047 2861 1193 2925 belluam
1208 2860 1242 2922 in

176 3049 189 3096 θ’
206 3053 367 3104 Formidsdt'le
377 3053 534 3118 spectaculum
544 3060 603 3106 erut.
709 3074 714 3084 ·

180 3114 191 3147 Ι
202 3117 232 3164 lrr
241 3131 355 3178 nom
365 3119 414 3168 diei
422 3122 514 3182 partem
524 3116 639 3181 produxit
651 3115 779 3179 uscipitess
786 3131 900 3178 pegusa.

179 3177 187 3210 ⁸
203 3181 264 3236 Qu
274 3181 373 3241 idaeis
380 3183 431 3244 dus
439 3183 549 3235 menibus
557 3182 696 3233 exstabunt
705 3181 785 3244 potius
795 3197 865 3244 quum
876 3182 900 3230 oi
909 3180 1102 3241 muudum.

605 3324 787 3345 ”OOWOO

150 3433 305 3482 &amun
323 3432 447 3482 Heinsius
468 3433 537 3496 conj.
559 3435 768 3484 documenta—2?
785 3433 860 3482 Voss.
871 3436 896 3481 2.
913 3437 937 3480 et
955 3443 1025 3494 asper
1041 3431 1165 3478 sese-as
1182 3427 1242 3478 ald.

151 3495 240 3546 midas
250 3503 349 3554 semu
367 3497 480 3546 Florent.
493 3495 567 3548 Laid.
587 3497 659 3546 Voss.
679 3503 702 3547 l.
721 3503 745 3546 a.
763 3503 790 3546 et
810 3498 894 3558 Βοῦς.
910 3496 1006 3564 cepides¹
1018 3492 1140 3542 metm.
1172 3492 1244 3542 Pitb.

150 3561 378 3621 amalasunthae.
405 3561 462 3610 Pel.
473 3565 496 3609 l.
508 3561 670 3624 adperdedorrt
682 3561 805 3609 h-orosus.
833 3562 944 3609 vossi.
960 3559 1085 3607 mentedo
1096 3557 1243 3622 armisoni

151 3637 205 3672 mos
216 3626 310 3674 hahet:
326 3627 369 3674 sed
386 3626 457 3674 etium
471 3626 525 3688 ipsa
541 3641 572 3673 m·
591 3639 615 3674 a·
626 3639 647 3675 s.
659 3629 680 3673 t.
690 3625 854 3674 missu-‚so
870 3624 942 3674 Leid.
955 3623 1131 3672 interra-41
1150 3623 1209 3671 Pal.
1220 3626 1243 3671 l.

151 3689 256 3738 emittit:
274 3689 370 3751 Juque,
380 3693 421 3752 bc.
431 3690 596 3751 metatur.
629 3691 703 3740 Voss.
716 3694 741 3738 3.
758 3691 824 3739 eitra
834 3705 857 3738 ι.
868 3689 1031 3750 atgebun,
1041 3698 1069 3736 et
1080 3701 1140 3736 mox
1149 3687 1243 3736 hebet:

152 3752 295 3813 &aniam
305 3753 435 3816 elepluro.
444 3789 450 3802 .
458 3756 498 3804 od
509 3755 570 3802 istus
580 3757 628 3816 ipse
639 3753 816 3816 audiena-³³
833 3753 999 3816 ‘adjectum
1016 3752 1043 3800 ui
1061 3750 1150 3812 fallor,
1161 3751 1194 3800 ab
1205 3751 1244 3800 in·

154 3823 261 3879 terprste
273 3819 426 3867 vocabulum
438 3817 534 3868 bura!
550 3819 644 3868 Bothe.
678 3819 752 3866 Voss.
767 3823 790 3868 1.
806 3817 931 3881 emshque
946 3815 1093 3866 comte-8⁵
1112 3813 1259 3878 Aldregis·

641 3961 748 4013 NOTAE

180 4074 289 4137 tum]
311 4073 449 4125 Proboscis
468 4078 673 4140 elephantorum,
748 4085 759 4110 ⁰
784 4077 899 4142 Copidas]
927 4076 950 4126 Α
974 4076 1051 4124 rerba
1078 4075 1165 4137 edne,
1185 4092 1245 4137 seso,

157 4149 289 4211 lehonps,
311 4150 408 4200 idcirco
430 4153 553 4200 ‘maurus'
579 4153 674 4203 dicitur
714 4151 813 4203 sactum
824 4161 968 4202 estnuraeu
981 4149 1205 4216 soslr‚ides,eopir.

157 4224 216 4285 quod
228 4225 281 4274 rice
293 4240 381 4278 manus
391 4241 423 4276 ea
434 4235 550 4279 utantur.
