3025 4892
266 372 333 438 630
481 388 514 446 q.
537 385 667 436 curru
693 387 783 435 nuri
810 387 881 435 uro.
905 385 988 436 vsu.
1012 389 1093 437 cae.
1113 370 1146 435 9.

269 529 384 607 Nilus,
398 529 457 593 scd
473 528 574 592 etiam
585 526 756 611 delphines
768 527 964 610 ignotasque
975 527 1052 591 aliis
1066 527 1219 610 gcptssms
1233 525 1362 592 belluas

267 630 337 694 alit.
380 630 432 694 10.
455 628 689 713 Erymanthus,
714 627 837 692 crebris
861 627 1008 692 flexibus
1031 626 1170 692 subinde
1191 632 1361 703 curvatus,

268 732 313 795 ab
330 730 457 795 accolis
479 728 664 812 rigantibus
686 729 853 812 carpitur.¹
896 729 947 791 Ea
967 747 1073 794 causa
1093 734 1157 806 eat,
1173 746 1232 792 cnr
1246 734 1362 792 moues

266 830 425 914 reliquias
435 829 506 913 jam
521 831 593 893 sine
608 830 741 892 nominc
756 830 791 893 in
805 849 898 894 niara
909 831 1050 894 emittat.
1078 829 1133 893 11.
1147 827 1266 893 Multis
1275 849 1362 912 proe·

269 939 319 995 ter
331 932 393 996 hos
409 931 563 995 amnibus
577 938 652 994 tcta
667 931 757 1012 regio
771 932 941 1010 dividitur,
953 931 1014 996 scd
1023 931 1257 1014 ignobilibus,tn
1282 931 1362 1013 qnia

269 1031 428 1097 nouadco
441 1029 655 1096 interfluunt*
680 1032 733 1096 12.
748 1029 1000 1114 Ceterum,qnoc
1010 1032 1167 1114 propiora
1176 1037 1277 1094 suut¹¹
1291 1047 1363 1093 rna·

269 1132 309 1206 ri,
324 1130 500 1214 aquilones
516 1133 662 1198 maxime
676 1133 837 1198 deurnnt:
858 1133 884 1198 ii
899 1133 1035 1197 cohibiti
1045 1132 1136 1215 jugis
1146 1130 1308 1195 montium
1317 1129 1363 1193 ari

268 1232 426 1296 interiora
440 1251 506 1296 ocu
519 1241 700 1315 penetrant,
709 1235 757 1300 ita
767 1235 896 1299 dandis
904 1234 1053 1316 frugibus
1066 1232 1182 1298 mitia!
1226 1233 1278 1296 13.
1293 1231 1363 1294 Sed

300 1443 314 1477 ¹
333 1437 458 1486 morbo
467 1439 493 1486 is
500 1439 661 1502 persuum
670 1437 700 1487 ob
710 1437 796 1487 iaculis
805 1441 833 1485 si
843 1451 936 1502 mapsa
945 1438 1056 1501 irrigent.

302 1497 315 1529 l
334 1501 389 1549 Nos
399 1506 493 1550 iratam
503 1501 576 1564 spatii
585 1507 734 1564 meumst.

301 1561 310 1592 ί
327 1563 425 1628 ledejit
436 1565 720 1627 sisstrieedissmgibus
730 1569 860 1628 apportem
869 1565 928 1613 siet.

727 1722 888 1745 emuncto
891 1724 905 1742 O

269 1839 433 1897 eocourtttos;
460 1841 542 1902 Bcog.
561 1845 586 1891 1.
601 1843 744 1892 mortim
777 1842 849 1892 Pitir.
868 1847 897 1892 st
922 1841 1001 1890 Nilus.
1032 1838 1146 1888 Floreut.
1161 1827 1236 1888 [seiri.
1252 1837 1327 1888 Voss.
1340 1840 1366 1886 1.

270 1911 297 1951 et
319 1903 403 1964 iioug.
423 1905 570 1966 Delphinus:
595 1905 670 1953 Voss·
690 1909 715 1954 1.
735 1905 851 1969 Dslflass.
887 1905 957 1954 Pitis.
976 1903 1075 1953 omittit
1089 1902 1274 1963 galilea—iti
1302 1900 1364 1949 Flo·

269 1974 336 2016 rent.
350 1967 382 2014 iit
395 1967 565 2029 Hpnsustlssf
590 1968 663 2018 Leid.
682 1975 709 2018 et
721 1969 794 2017 Voss.
808 1973 831 2018 1.
841 1968 1033 2032 litigantium
1056 1967 1132 2015 Voss.
1150 1970 1176 2014 1.
1194 1965 1276 2026 Bong.
1293 1967 1318 2012 1.
1332 1970 1363 2012 et

270 2029 340 2078 Dan.
353 2031 524 2088 attimaro,-
547 2033 615 2082 Mer.
628 2032 801 2082 armastis.
835 2025 1259 2092 Pith.omittit‚areiris11eaiiss
1284 2027 1364 2076 Voss.

269 2096 294 2141 1.
316 2092 345 2140 sb
364 2093 520 2143 inach—ll
539 2094 609 2145 Pitir.
624 2098 682 2145 odeo
695 2097 868 2172 μάρψω.
889 2097 988 2146 ‘corre
1010 2102 1037 2145 ta
1054 2100 1116 2142 sunt
1133 2094 1197 2143 bec.
1230 2090 1363 2154 Cocjiclo=

269 2156 323 2217 qaia
333 2171 379 2206 noa
390 2158 421 2204 ori
435 2172 510 2218 nors,
521 2158 545 2207 h.
556 2172 579 2208 e.
592 2159 625 2208 ad
637 2160 710 2209 littus
722 2175 809 2221 maris,
817 2159 946 2222 perfluet,
955 2174 982 2208 se
1012 2158 1045 2208 sb
1061 2155 1129 2206 lario
1140 2163 1168 2206 et
1180 2155 1272 2217 Gange
1282 2155 1364 2203 inter·

268 2218 410 2282 cipiantur.
445 2221 500 2272 Nisi
515 2223 595 2271 mavis
609 2223 695 2272 omnis
708 2237 742 2273 err
754 2223 838 2286 glossa
847 2237 914 2280 esse,
924 2223 1016 2286 quibus
1027 2221 1084 2286 quis
1095 2230 1143 2282 pro
1154 2233 1201 2268 suo
1209 2225 1289 2281 captu
1298 2215 1364 2267 litut

267 2282 384 2344 mobiles
393 2284 618 2348 interpretaretur.
652 2287 742 2336 Curtio
752 2287 819 2336 enirn
830 2287 955 2350 ignobiles
966 2293 1066 2348 georas,
1077 2293 1195 2347 utsupra
1206 2283 1323 2341 vidimus,
1333 2287 1365 2330 et

267 2345 393 2408 ignobiles
404 2361 492 2398 amnes
504 2357 572 2412 sont,
581 2350 614 2399 de
623 2349 713 2414 quibus
725 2351 783 2414 lpse
791 2350 854 2400 nibli
865 2351 934 2400 seit!
944 2349 1157 2399 &satam-ra
1166 2346 1281 2396 Floreat.
1289 2344 1363 2394 iaeiri.

268 2409 347 2460 Voss.
365 2415 388 2459 1.
400 2411 469 2461 Dsn.
486 2411 545 2462 Psi.
563 2419 586 2463 1.
602 2414 686 2477 Bong.
702 2417 726 2464 i.
737 2419 763 2464 1.
773 2420 801 2464 et
814 2414 881 2463 liar.
893 2413 1008 2478 Apsiiosi
1015 2429 1027 2470 ,·
1048 2413 1124 2460 Voss.
1135 2415 1160 2459 1.
1170 2409 1304 2473 aquilonius·
1319 2407 1364 2457 ed·

266 2487 331 2522 vero
342 2473 443 2538 Grypir.
460 2476 555 2524 Austri.
587 2478 703 2527 Floreat.
720 2477 795 2528 Leirl.
812 2478 886 2526 Voss.
901 2482 925 2528 1.
940 2481 965 2527 1.
977 2477 1046 2526 Dan.
1060 2476 1116 2524 Psi.
1129 2479 1152 2523 1.
1163 2475 1247 2536 Bong.
1263 2478 1287 2521 1.
1297 2476 1323 2520 1.
1334 2477 1374 2521 et'

267 2535 338 2585 Mer.
348 2539 450 2588 mactas
460 2541 595 2592 ammas.
628 2542 744 2590 Floreat.
760 2540 833 2591 Laid.
845 2542 923 2590 Voss.
935 2544 958 2590 1.
972 2539 1041 2590 Dsn.
1058 2539 1116 2588 Pal.
1128 2542 1151 2588 1.
1167 2545 1195 2586 et
1205 2537 1290 2596 Βοοκ.
1303 2540 1326 2584 i.
1336 2537 1364 2585 2.

268 2599 441 2658 iiscoiiimu
466 2603 541 2652 Voss.
553 2607 578 2652 1.
588 2605 610 2651 ir
619 2605 735 2653 collibus
742 2621 753 2663 ,·
779 2605 848 2654 Mer.
860 2603 1008 2653 iswiiiitis.
1039 2602 1155 2650 Florent.
1167 2599 1240 2650 laeli.
1250 2600 1325 2648 Voss.
1336 2602 1364 2647 1.

268 2661 335 2712 Deo.
347 2661 406 2716 Pal.
418 2669 442 2716 1.
453 2665 535 2730 Bcug.
548 2671 570 2716 1.
582 2671 606 2716 1.
616 2675 642 2718 et
653 2669 721 2719 Mer.
732 2683 780 2718 sos
787 2673 907 2734 puers.
930 2665 1212 2718 Florentinum.
1224 2668 1247 2713 i.
1258 2667 1284 2715 1.
1295 2661 1364 2712 usn.

764 2811 872 2864 NOTAE

269 2918 355 2970 fortes
371 2921 404 2970 sb
422 2933 450 2970 se
462 2929 596 2986 repertos:
614 2939 671 2974 corn
684 2925 798 2988 inludo,
836 2924 1031 2975 meridionalem
1048 2919 1201 2986 ‘ceassiu'
1212 2922 1364 2972 iutenorera

271 3001 301 3043 ut
313 2994 404 3044 scribit
414 2993 550 3058 Arrianus,
562 2999 614 3058 ssi,
622 3006 652 3048 ut
663 2998 798 3050 Nasrcbos
837 3015 909 3064 vero,
919 3015 978 3065 qne
990 2999 1177 3064 septentrioni
1190 2995 1298 3046 νίοἱοὶοῐ
1313 3002 1367 3056 est,

270 3068 339 3132 apud
350 3069 435 3119 Strab.
447 3083 494 3120 xv.
506 3071 532 3122 iu
542 3072 668 3138 Hydaspe
680 3075 797 3125 crocodi·
836 3089 889 3125 uon
898 3077 1043 3138 attingenti
1060 3073 1151 3138 quodsi
1164 3073 1241 3123 istam
1253 3069 1364 3133 perflare

186 3183 189 3188 .
268 3146 308 3195 ios
318 3147 467 3211 reperisset,
479 3163 542 3212 quos
552 3149 578 3198 in
589 3150 642 3200 scic
654 3151 724 3200 ossei
735 3151 798 3200 Nilo
836 3157 981 3215 nequeunt,
997 3148 1224 3211 ‘montinmJugis
1239 3143 1376 3206 cohibiti:¹

269 3219 338 3270 farus
366 3229 432 3270 eret.
465 3222 534 3272 Vide
557 3222 695 3274 Arcanum
721 3225 797 3277 initio
837 3224 966 3289 quomodo
983 3223 1017 3276 ad
1034 3224 1254 3287 msribnsausqce
1272 3233 1366 3284 persa·

269 3294 316 3346 lib.
327 3309 366 3345 rr.
385 3294 693 3362 Nilss1Lib.rv.csp.⁷.
837 3298 920 3350 dunt?
941 3299 1026 3349 Unsso
1048 3297 1152 3361 ssbjieit
1175 3293 1364 3345 Freinshemius

301 3378 321 3405 ¹¹
336 3370 387 3421 Sed
395 3371 549 3436 igmbiiibss]
566 3373 662 3422 'l'ameu
672 3373 797 3425 Arrianus
836 3373 1022 3438 defensionem,
1033 3375 1055 3424 si
1070 3373 1185 3424 dicamne
1195 3372 1309 3422 interim
1321 3384 1365 3418 su·

270 3446 296 3494 in
314 3445 361 3494 lib.
381 3447 443 3498 Rer.
460 3446 545 3498 indie.
563 3457 623 3497 octo
635 3463 712 3512 sopra
723 3451 796 3514 quin·
836 3449 872 3498 rui
884 3463 932 3499 oon
945 3461 993 3512 pro
1000 3449 1122 3498 universa
1129 3443 1366 3510 regionemcriiter·

270 3533 402 3583 qusgeoos
419 3531 546 3585 numeret,
563 3536 657 3586 eosque
668 3525 797 3588 navigabi·
837 3538 924 3581 renes,
933 3524 980 3573 seri
992 3536 1039 3588 pro
1050 3538 1083 3574 ee
1098 3528 1200 3572 tantum
1216 3536 1283 3585 que,
1294 3534 1366 3569 moo-

269 3596 308 3645 ies
318 3612 325 3643 =
337 3597 437 3646 Seneca
446 3612 509 3647 sero
521 3599 588 3663 sputi
599 3600 711 3650 Plinium
722 3616 797 3651 sess·
837 3599 902 3649 tium
921 3599 1038 3662 subjecta
1056 3597 1198 3660 radicibus,
1214 3609 1302 3645 eorum
1318 3594 1364 3645 ob·

270 3685 358 3734 genos.
391 3672 499 3722 Erratis
511 3679 613 3723 constat
625 3675 797 3724 recentiorum
832 3675 909 3739 jecto
917 3674 951 3724 ab
960 3674 1103 3739 aquilonari
1115 3680 1194 3720 rento
1204 3668 1365 3728 defenditur,

271 3748 418 3798 testimonio
430 3749 552 3811 plurimos
568 3751 678 3814 assequi
689 3750 715 3799 in
726 3765 797 3816 meg·
837 3765 869 3801 sc
890 3751 952 3800 sciis
974 3761 1126 3812 repercussu
1152 3745 1256 3795 foretur
1275 3745 1366 3807 magis.

272 3823 312 3872 nis
322 3823 423 3872 censeri
435 3823 555 3873 debeant.
837 3827 935 3875 Verum
947 3833 976 3874 ut
987 3826 1035 3873 boc
1046 3823 1139 3883 ituit,
1150 3819 1366 3885 quemadmodum

303 3909 316 3934 ¹¹
334 3901 393 3956 Qua
403 3901 512 3963 propiore
520 3901 587 3964 sect]
601 3901 627 3950 Si
640 3901 672 3950 sd
684 3908 797 3953 ruentem
838 3901 866 3949 in
877 3901 975 3963 reliqua
990 3897 1072 3947 ferme
1084 3895 1147 3946 Asis
1157 3895 1308 3957 contingere
1319 3893 1367 3942 ob-

272 3977 355 4026 Curtii
367 3977 520 4040 respexeris,
530 3977 572 4024 rix
584 3985 623 4026 ast
632 3977 700 4027 utab
709 3993 798 4030 errore
836 3975 993 4025 sanavimus
1018 3972 1131 4022 libris.
1159 3984 1219 4032 cap.
1239 3975 1264 4018 b.
1293 3975 1367 4018 certe

272 4049 379 4100 defendi
407 4050 497 4114 possit.
539 4051 605 4100 Nam
630 4051 672 4115 qui
698 4051 744 4101 fist
769 4061 799 4103 nt
837 4052 903 4101 banc
925 4066 983 4100 esse
1007 4049 1092 4100 Curtii
1116 4047 1272 4099 sententiani
1289 4060 1368 4096 neruo

273 4126 500 4186 Septemtriooales
518 4128 586 4176 vecti
603 4137 703 4189 partem
715 4127 797 4177 lodie
838 4127 1004 4193 persuaserit.

272 4200 355 4250 ‘iurari
383 4201 547 4264 propiorem:
574 4203 705 4267 magisque
732 4201 799 4252 adeo
