<?xml version="1.0" encoding="UTF-8"?>
<!DOCTYPE html PUBLIC "-//W3C//DTD XHTML 1.0 Transitional//EN"
    "http://www.w3.org/TR/xhtml1/DTD/xhtml1-transitional.dtd">
<html xmlns="http://www.w3.org/1999/xhtml" xml:lang="en" lang="en">
 <head>
  <title>
</title>
<meta http-equiv="Content-Type" content="text/html;charset=utf-8" />
  <meta name='ocr-system' content='tesseract 3.04.00' />
  <meta name='ocr-capabilities' content='ocr_page ocr_carea ocr_par ocr_line ocrx_word'/>
</head>
<body>
  <div class='ocr_page' id='page_1' title='image "./quinticurtiiruf02rufugoog_0087.png"; bbox 0 0 3025 4892; ppageno 0'>
   <div class='ocr_carea' id='block_1_1' title="bbox 406 366 1242 435">
    <p class='ocr_par' dir='ltr' id='par_1_1' title="bbox 406 366 1242 435">
     <span class='ocr_line' id='line_1_1' title="bbox 406 366 1242 435; baseline 0.01 -8"><span class='ocrx_word' id='word_1_1' title='bbox 406 381 465 428; x_wconf 84' lang='lat' dir='ltr'><strong>on.</strong></span> <span class='ocrx_word' id='word_1_2' title='bbox 496 379 606 428; x_wconf 85' lang='lat' dir='ltr'><strong>oxrrr.</strong></span> <span class='ocrx_word' id='word_1_3' title='bbox 628 366 660 430; x_wconf 81' lang='lat'><strong>2.</strong></span> <span class='ocrx_word' id='word_1_4' title='bbox 695 382 730 429; x_wconf 81' lang='lat' dir='ltr'><strong>r.</strong></span> <span class='ocrx_word' id='word_1_5' title='bbox 754 383 814 430; x_wconf 82' lang='lat' dir='ltr'><strong>cn.</strong></span> <span class='ocrx_word' id='word_1_6' title='bbox 839 383 876 431; x_wconf 81' lang='lat' dir='ltr'><strong>u.</strong></span> <span class='ocrx_word' id='word_1_7' title='bbox 902 367 977 432; x_wconf 79' lang='lat'><strong>327.</strong></span> <span class='ocrx_word' id='word_1_8' title='bbox 1174 371 1242 435; x_wconf 79' lang='grc'><strong>659</strong></span> 
     </span>
    </p>
   </div>
   <div class='ocr_carea' id='block_1_2' title="bbox 145 521 1246 1123">
    <p class='ocr_par' dir='ltr' id='par_1_2' title="bbox 145 521 1246 1123">
     <span class='ocr_line' id='line_1_2' title="bbox 145 521 1240 610; baseline 0.008 -24"><span class='ocrx_word' id='word_1_9' title='bbox 145 521 307 588; x_wconf 65' lang='lat' dir='ltr'><strong>cientem.⁸</strong></span> <span class='ocrx_word' id='word_1_10' title='bbox 336 522 385 600; x_wconf 87' lang='lat' dir='ltr'><strong>Is,</strong></span> <span class='ocrx_word' id='word_1_11' title='bbox 402 529 440 590; x_wconf 90' lang='lat' dir='ltr'><strong>ut</strong></span> <span class='ocrx_word' id='word_1_12' title='bbox 453 525 635 608; x_wconf 84' lang='lat' dir='ltr'><strong>dissipatos</strong></span> <span class='ocrx_word' id='word_1_13' title='bbox 649 531 719 590; x_wconf 90' lang='lat' dir='ltr'><strong>tota</strong></span> <span class='ocrx_word' id='word_1_14' title='bbox 735 527 808 590; x_wconf 84' lang='lat' dir='ltr'><strong>acie</strong></span> <span class='ocrx_word' id='word_1_15' title='bbox 823 545 942 590; x_wconf 89' lang='lat' dir='ltr'><strong>currus</strong></span> <span class='ocrx_word' id='word_1_16' title='bbox 955 530 1069 610; x_wconf 84' lang='lat' dir='ltr'><strong>vagari</strong></span> <span class='ocrx_word' id='word_1_17' title='bbox 1084 531 1155 594; x_wconf 83' lang='lat' dir='ltr'><strong>sine</strong></span> <span class='ocrx_word' id='word_1_18' title='bbox 1169 549 1240 596; x_wconf 88' lang='lat' dir='ltr'><strong>rec-</strong></span> 
     </span>
     <span class='ocr_line' id='line_1_3' title="bbox 146 626 1241 715; baseline 0.005 -25"><span class='ocrx_word' id='word_1_19' title='bbox 146 626 269 690; x_wconf 83' lang='lat' dir='ltr'><strong>toribus</strong></span> <span class='ocrx_word' id='word_1_20' title='bbox 295 626 393 704; x_wconf 85' lang='lat' dir='ltr'><strong>vidit,</strong></span> <span class='ocrx_word' id='word_1_21' title='bbox 422 627 586 709; x_wconf 79' lang='lat' dir='ltr'>proximis</span> <span class='ocrx_word' id='word_1_22' title='bbox 616 629 798 694; x_wconf 88' lang='lat' dir='ltr'><strong>amicorum</strong></span> <span class='ocrx_word' id='word_1_23' title='bbox 826 629 996 694; x_wconf 79' lang='lat' dir='ltr'><strong>distribuit</strong></span> <span class='ocrx_word' id='word_1_24' title='bbox 1030 631 1241 715; x_wconf 78' lang='lat' dir='ltr'><strong>elephantos.</strong></span> 
     </span>
     <span class='ocr_line' id='line_1_4' title="bbox 147 725 1244 817; baseline 0.007 -27"><span class='ocrx_word' id='word_1_25' title='bbox 147 725 198 790; x_wconf 90' lang='grc'><strong>10.</strong></span> <span class='ocrx_word' id='word_1_26' title='bbox 209 727 297 792; x_wconf 83' lang='lat' dir='ltr'><strong>Poet</strong></span> <span class='ocrx_word' id='word_1_27' title='bbox 306 726 388 793; x_wconf 66' lang='lat' dir='ltr'><strong>eoa¹¹</strong></span> <span class='ocrx_word' id='word_1_28' title='bbox 399 735 558 812; x_wconf 82' lang='lat' dir='ltr'><strong>posuerat</strong></span> <span class='ocrx_word' id='word_1_29' title='bbox 566 728 697 813; x_wconf 87' lang='lat' dir='ltr'><strong>pedites</strong></span> <span class='ocrx_word' id='word_1_30' title='bbox 708 749 748 795; x_wconf 90' lang='lat' dir='ltr'><strong>ao</strong></span> <span class='ocrx_word' id='word_1_31' title='bbox 758 731 949 813; x_wconf 81' lang='lat' dir='ltr'><strong>sagittarios</strong></span> <span class='ocrx_word' id='word_1_32' title='bbox 958 739 991 796; x_wconf 87' lang='lat' dir='ltr'><strong>et</strong></span> <span class='ocrx_word' id='word_1_33' title='bbox 999 739 1159 816; x_wconf 87' lang='lat' dir='ltr'><strong>tympana</strong></span> <span class='ocrx_word' id='word_1_34' title='bbox 1169 735 1244 817; x_wconf 84' lang='lat' dir='ltr'><strong>pul·</strong></span> 
     </span>
     <span class='ocr_line' id='line_1_5' title="bbox 147 825 1245 918; baseline 0.006 -26"><span class='ocrx_word' id='word_1_35' title='bbox 147 847 219 892; x_wconf 87' lang='lat' dir='ltr'><strong>sare</strong></span> <span class='ocrx_word' id='word_1_36' title='bbox 233 830 369 895; x_wconf 83' lang='lat' dir='ltr'><strong>solitos:</strong></span> <span class='ocrx_word' id='word_1_37' title='bbox 396 830 432 896; x_wconf 91' lang='lat' dir='ltr'><strong>id</strong></span> <span class='ocrx_word' id='word_1_38' title='bbox 448 850 509 913; x_wconf 86' lang='lat' dir='ltr'><strong>pro</strong></span> <span class='ocrx_word' id='word_1_39' title='bbox 524 838 623 897; x_wconf 87' lang='lat' dir='ltr'><strong>cantu</strong></span> <span class='ocrx_word' id='word_1_40' title='bbox 635 832 791 898; x_wconf 87' lang='lat' dir='ltr'><strong>tubarum</strong></span> <span class='ocrx_word' id='word_1_41' title='bbox 807 830 904 896; x_wconf 83' lang='lat' dir='ltr'><strong>Indis</strong></span> <span class='ocrx_word' id='word_1_42' title='bbox 917 825 1004 897; x_wconf 75' lang='lat' dir='ltr'><strong>erut:</strong></span> <span class='ocrx_word' id='word_1_43' title='bbox 1026 853 1090 898; x_wconf 90' lang='lat' dir='ltr'><strong>nec</strong></span> <span class='ocrx_word' id='word_1_44' title='bbox 1105 836 1245 918; x_wconf 84' lang='lat' dir='ltr'><strong>strepitu</strong></span> 
     </span>
     <span class='ocr_line' id='line_1_6' title="bbox 146 932 1246 1018; baseline 0.005 -24"><span class='ocrx_word' id='word_1_45' title='bbox 146 948 257 996; x_wconf 86' lang='lat' dir='ltr'><strong>eornrn</strong></span> <span class='ocrx_word' id='word_1_46' title='bbox 273 933 502 1012; x_wconf 86' lang='lat' dir='ltr'><strong>movebantur,</strong></span> <span class='ocrx_word' id='word_1_47' title='bbox 518 933 597 998; x_wconf 92' lang='lat' dir='ltr'><strong>olim</strong></span> <span class='ocrx_word' id='word_1_48' title='bbox 619 932 661 998; x_wconf 87' lang='lat' dir='ltr'><strong>ad</strong></span> <span class='ocrx_word' id='word_1_49' title='bbox 682 938 795 998; x_wconf 89' lang='lat' dir='ltr'><strong>notum</strong></span> <span class='ocrx_word' id='word_1_50' title='bbox 818 953 935 1000; x_wconf 85' lang='lat' dir='ltr'><strong>sonum</strong></span> <span class='ocrx_word' id='word_1_51' title='bbox 959 935 1097 998; x_wconf 80' lang='lat' dir='ltr'><strong>auribus</strong></span> <span class='ocrx_word' id='word_1_52' title='bbox 1115 935 1246 1018; x_wconf 84' lang='lat' dir='ltr'><strong>mitige-</strong></span> 
     </span>
     <span class='ocr_line' id='line_1_7' title="bbox 147 1036 1245 1123; baseline 0.003 -23"><span class='ocrx_word' id='word_1_53' title='bbox 147 1036 213 1100; x_wconf 69' lang='lat' dir='ltr'><strong>tis:</strong></span> <span class='ocrx_word' id='word_1_54' title='bbox 257 1039 311 1102; x_wconf 86' lang='lat' dir='ltr'><strong>lt.</strong></span> <span class='ocrx_word' id='word_1_55' title='bbox 334 1037 496 1104; x_wconf 84' lang='lat' dir='ltr'><strong>Herculis</strong></span> <span class='ocrx_word' id='word_1_56' title='bbox 510 1038 726 1104; x_wconf 82' lang='lat' dir='ltr'><strong>simulacrum</strong></span> <span class='ocrx_word' id='word_1_57' title='bbox 741 1039 866 1120; x_wconf 83' lang='lat' dir='ltr'><strong>agmini</strong></span> <span class='ocrx_word' id='word_1_58' title='bbox 880 1038 1029 1122; x_wconf 87' lang='lat' dir='ltr'><strong>peditum</strong></span> <span class='ocrx_word' id='word_1_59' title='bbox 1044 1039 1245 1123; x_wconf 85' lang='lat' dir='ltr'><strong>proeiereba·</strong></span> 
     </span>
    </p>
   </div>
   <div class='ocr_carea' id='block_1_3' title="bbox 148 1137 1359 1219">
    <p class='ocr_par' dir='ltr' id='par_1_3' title="bbox 148 1137 1359 1219">
     <span class='ocr_line' id='line_1_8' title="bbox 148 1137 1359 1219; baseline 0.002 -17"><span class='ocrx_word' id='word_1_60' title='bbox 148 1147 217 1202; x_wconf 90' lang='lat' dir='ltr'><strong>tur:</strong></span> <span class='ocrx_word' id='word_1_61' title='bbox 241 1137 276 1202; x_wconf 93' lang='lat' dir='ltr'><strong>id</strong></span> <span class='ocrx_word' id='word_1_62' title='bbox 292 1140 477 1204; x_wconf 82' lang='lat' dir='ltr'><strong>maximum</strong></span> <span class='ocrx_word' id='word_1_63' title='bbox 497 1144 569 1204; x_wconf 86' lang='lat' dir='ltr'><strong>erat</strong></span> <span class='ocrx_word' id='word_1_64' title='bbox 589 1139 795 1204; x_wconf 81' lang='lat' dir='ltr'><strong>bellantibus</strong></span> <span class='ocrx_word' id='word_1_65' title='bbox 818 1139 1082 1219; x_wconf 78' lang='lat' dir='ltr'><strong>incitamentum,</strong></span> <span class='ocrx_word' id='word_1_66' title='bbox 1098 1147 1132 1204; x_wconf 88' lang='lat' dir='ltr'><strong>et</strong></span> <span class='ocrx_word' id='word_1_67' title='bbox 1146 1141 1246 1205; x_wconf 89' lang='lat' dir='ltr'><strong>dese·</strong></span> <span class='ocrx_word' id='word_1_68' title='bbox 1356 1208 1359 1213; x_wconf 74' lang='grc'><em>,</em></span> 
     </span>
    </p>
   </div>
   <div class='ocr_carea' id='block_1_4' title="bbox 147 1239 1248 1630">
    <p class='ocr_par' dir='ltr' id='par_1_4' title="bbox 147 1239 1248 1630">
     <span class='ocr_line' id='line_1_9' title="bbox 147 1239 1245 1326; baseline 0.002 -22"><span class='ocrx_word' id='word_1_69' title='bbox 147 1239 439 1320; x_wconf 80' lang='lat' dir='ltr'><strong>rnissegestantes</strong></span> <span class='ocrx_word' id='word_1_70' title='bbox 454 1239 594 1306; x_wconf 83' lang='lat' dir='ltr'><strong>militare</strong></span> <span class='ocrx_word' id='word_1_71' title='bbox 609 1241 770 1324; x_wconf 82' lang='lat' dir='ltr'><strong>flagitium</strong></span> <span class='ocrx_word' id='word_1_72' title='bbox 790 1240 1000 1306; x_wconf 69' lang='lat' dir='ltr'><strong>habebatur!</strong></span> <span class='ocrx_word' id='word_1_73' title='bbox 1038 1242 1090 1306; x_wconf 78' lang='lat'><strong>12.</strong></span> <span class='ocrx_word' id='word_1_74' title='bbox 1113 1241 1245 1326; x_wconf 80' lang='lat' dir='ltr'><strong>Capitis</strong></span> 
     </span>
     <span class='ocr_line' id='line_1_10' title="bbox 149 1342 1246 1425; baseline 0.003 -21"><span class='ocrx_word' id='word_1_75' title='bbox 149 1342 250 1404; x_wconf 91' lang='lat' dir='ltr'><strong>etiam</strong></span> <span class='ocrx_word' id='word_1_76' title='bbox 268 1348 449 1406; x_wconf 78' lang='lat' dir='ltr'><strong>sanxerant</strong></span> <span class='ocrx_word' id='word_1_77' title='bbox 470 1361 604 1424; x_wconf 86' lang='lat' dir='ltr'><strong>poenaru</strong></span> <span class='ocrx_word' id='word_1_78' title='bbox 626 1343 681 1418; x_wconf 85' lang='lat' dir='ltr'><strong>iis,</strong></span> <span class='ocrx_word' id='word_1_79' title='bbox 705 1343 763 1425; x_wconf 89' lang='lat' dir='ltr'><strong>qui</strong></span> <span class='ocrx_word' id='word_1_80' title='bbox 777 1361 831 1422; x_wconf 81' lang='lat' dir='ltr'><strong>¹err</strong></span> <span class='ocrx_word' id='word_1_81' title='bbox 853 1342 926 1406; x_wconf 87' lang='lat' dir='ltr'><strong>acie</strong></span> <span class='ocrx_word' id='word_1_82' title='bbox 947 1361 1012 1405; x_wconf 92' lang='lat' dir='ltr'><strong>non</strong></span> <span class='ocrx_word' id='word_1_83' title='bbox 1031 1343 1246 1424; x_wconf 82' lang='lat' dir='ltr'><strong>retulissent3</strong></span> 
     </span>
     <span class='ocr_line' id='line_1_11' title="bbox 147 1439 1248 1528; baseline 0.003 -23"><span class='ocrx_word' id='word_1_84' title='bbox 147 1449 251 1519; x_wconf 88' lang='lat' dir='ltr'><strong>metu,</strong></span> <span class='ocrx_word' id='word_1_85' title='bbox 267 1461 369 1526; x_wconf 88' lang='lat' dir='ltr'><strong>quem</strong></span> <span class='ocrx_word' id='word_1_86' title='bbox 382 1463 427 1509; x_wconf 86' lang='lat' dir='ltr'><strong>ex</strong></span> <span class='ocrx_word' id='word_1_87' title='bbox 446 1445 506 1508; x_wconf 92' lang='lat' dir='ltr'><strong>illo</strong></span> <span class='ocrx_word' id='word_1_88' title='bbox 520 1445 614 1510; x_wconf 81' lang='lat' dir='ltr'><strong>hoste</strong></span> <span class='ocrx_word' id='word_1_89' title='bbox 628 1439 819 1528; x_wconf 77' lang='lat' dir='ltr'><strong>qnondami</strong></span> <span class='ocrx_word' id='word_1_90' title='bbox 840 1449 1077 1526; x_wconf 86' lang='lat' dir='ltr'><strong>conceperunt,</strong></span> <span class='ocrx_word' id='word_1_91' title='bbox 1093 1445 1196 1510; x_wconf 86' lang='lat' dir='ltr'><strong>etiam</strong></span> <span class='ocrx_word' id='word_1_92' title='bbox 1212 1446 1248 1508; x_wconf 92' lang='lat' dir='ltr'><strong>in</strong></span> 
     </span>
     <span class='ocr_line' id='line_1_12' title="bbox 149 1543 1247 1630; baseline 0.005 -23"><span class='ocrx_word' id='word_1_93' title='bbox 149 1543 341 1626; x_wconf 81' lang='lat' dir='ltr'><strong>religionem</strong></span> <span class='ocrx_word' id='word_1_94' title='bbox 370 1547 688 1630; x_wconf 78' lang='lat' dir='ltr'><strong>venerationemque</strong></span> <span class='ocrx_word' id='word_1_95' title='bbox 717 1565 891 1611; x_wconf 83' lang='lat' dir='ltr'><strong>converso.</strong></span> <span class='ocrx_word' id='word_1_96' title='bbox 945 1545 1153 1611; x_wconf 82' lang='lat' dir='ltr'><strong>Macedonas</strong></span> <span class='ocrx_word' id='word_1_97' title='bbox 1180 1566 1247 1612; x_wconf 89' lang='lat' dir='ltr'><strong>non</strong></span> 
     </span>
    </p>
   </div>
   <div class='ocr_carea' id='block_1_5' title="bbox 179 1721 1204 1856">
    <p class='ocr_par' dir='ltr' id='par_1_5' title="bbox 179 1721 1204 1856">
     <span class='ocr_line' id='line_1_13' title="bbox 180 1721 1204 1803; baseline 0.003 -30"><span class='ocrx_word' id='word_1_98' title='bbox 180 1731 190 1754; x_wconf 85' lang='lat'><em>‘</em></span> <span class='ocrx_word' id='word_1_99' title='bbox 204 1725 305 1800; x_wconf 66' lang='lat' dir='ltr'><strong>Jnrsdirs</strong></span> <span class='ocrx_word' id='word_1_100' title='bbox 315 1721 428 1802; x_wconf 61' lang='lat' dir='ltr'><strong>obturetis</strong></span> <span class='ocrx_word' id='word_1_101' title='bbox 437 1728 468 1802; x_wconf 80' lang='lat' dir='ltr'><strong>ad</strong></span> <span class='ocrx_word' id='word_1_102' title='bbox 478 1731 595 1802; x_wconf 62' lang='lat' dir='ltr'><strong>mudum</strong></span> <span class='ocrx_word' id='word_1_103' title='bbox 605 1732 769 1803; x_wconf 64' lang='lat' dir='ltr'><strong>tympanorum</strong></span> <span class='ocrx_word' id='word_1_104' title='bbox 778 1730 903 1790; x_wconf 62' lang='lat' dir='ltr'><strong>eunden</strong></span> <span class='ocrx_word' id='word_1_105' title='bbox 913 1729 1010 1778; x_wconf 72' lang='lat' dir='ltr'><strong>nribus</strong></span> <span class='ocrx_word' id='word_1_106' title='bbox 1018 1729 1204 1791; x_wconf 58' lang='lat' dir='ltr'><strong>mutorum.</strong></span> 
     </span>
     <span class='ocr_line' id='line_1_14' title="bbox 179 1785 1118 1856; baseline 0.002 -18"><span class='ocrx_word' id='word_1_107' title='bbox 179 1785 194 1827; x_wconf 79' lang='lat' dir='ltr'><strong><em>s</em></strong></span> <span class='ocrx_word' id='word_1_108' title='bbox 207 1789 306 1838; x_wconf 72' lang='lat' dir='ltr'><strong>Cranen</strong></span> <span class='ocrx_word' id='word_1_109' title='bbox 316 1795 370 1840; x_wconf 84' lang='lat' dir='ltr'><strong>erut</strong></span> <span class='ocrx_word' id='word_1_110' title='bbox 377 1803 403 1839; x_wconf 81' lang='lat' dir='ltr'><strong>trs</strong></span> <span class='ocrx_word' id='word_1_111' title='bbox 412 1792 506 1840; x_wconf 67' lang='lat' dir='ltr'><strong>mom</strong></span> <span class='ocrx_word' id='word_1_112' title='bbox 513 1792 577 1852; x_wconf 79' lang='lat' dir='ltr'><strong>leges</strong></span> <span class='ocrx_word' id='word_1_113' title='bbox 585 1792 607 1840; x_wconf 83' lang='lat' dir='ltr'><strong>si</strong></span> <span class='ocrx_word' id='word_1_114' title='bbox 618 1807 672 1855; x_wconf 72' lang='lat' dir='ltr'><strong>quse</strong></span> <span class='ocrx_word' id='word_1_115' title='bbox 681 1791 816 1854; x_wconf 70' lang='lat' dir='ltr'><strong>reliqueret</strong></span> <span class='ocrx_word' id='word_1_116' title='bbox 827 1807 865 1842; x_wconf 81' lang='lat' dir='ltr'><strong>eor</strong></span> <span class='ocrx_word' id='word_1_117' title='bbox 875 1792 1118 1856; x_wconf 68' lang='lat' dir='ltr'><strong>nqeidusersbotrsr.</strong></span> 
     </span>
    </p>
   </div>
   <div class='ocr_carea' id='block_1_6' title="bbox 613 1934 791 1958">
    <p class='ocr_par' dir='ltr' id='par_1_6' title="bbox 613 1934 791 1958">
     <span class='ocr_line' id='line_1_15' title="bbox 613 1934 791 1958; baseline 0.017 -4"><span class='ocrx_word' id='word_1_118' title='bbox 613 1934 791 1958; x_wconf 67' lang='lat' dir='ltr'><strong>”munuc</strong></span> 
     </span>
    </p>
   </div>
   <div class='ocr_carea' id='block_1_7' title="bbox 151 2029 1253 2548">
    <p class='ocr_par' dir='ltr' id='par_1_7' title="bbox 151 2029 1253 2548">
     <span class='ocr_line' id='line_1_16' title="bbox 151 2029 1249 2096; baseline 0.006 -19"><span class='ocrx_word' id='word_1_119' title='bbox 151 2029 353 2083; x_wconf 81' lang='lat' dir='ltr'><strong>bosverrsrunt.</strong></span> <span class='ocrx_word' id='word_1_120' title='bbox 387 2031 475 2082; x_wconf 79' lang='lat' dir='ltr'><strong>Minoa</strong></span> <span class='ocrx_word' id='word_1_121' title='bbox 486 2033 620 2096; x_wconf 77' lang='lat' dir='ltr'><strong>probabile</strong></span> <span class='ocrx_word' id='word_1_122' title='bbox 632 2035 750 2086; x_wconf 74' lang='lat' dir='ltr'><strong>ulterius!</strong></span> <span class='ocrx_word' id='word_1_123' title='bbox 768 2036 863 2086; x_wconf 81' lang='lat' dir='ltr'><strong>Bothe.</strong></span> <span class='ocrx_word' id='word_1_124' title='bbox 894 2035 956 2086; x_wconf 80' lang='lat' dir='ltr'><strong>vid.</strong></span> <span class='ocrx_word' id='word_1_125' title='bbox 969 2035 1109 2085; x_wconf 82' lang='lat' dir='ltr'><strong>NotVnr.</strong></span> <span class='ocrx_word' id='word_1_126' title='bbox 1137 2035 1249 2084; x_wconf 71' lang='lat' dir='ltr'><strong>Vesci.</strong></span> 
     </span>
     <span class='ocr_line' id='line_1_17' title="bbox 153 2093 1250 2164; baseline 0.005 -22"><span class='ocrx_word' id='word_1_127' title='bbox 153 2093 340 2154; x_wconf 65' lang='lat' dir='ltr'><strong>desertos-itt</strong></span> <span class='ocrx_word' id='word_1_128' title='bbox 357 2095 473 2146; x_wconf 76' lang='lat' dir='ltr'><strong>Florent.</strong></span> <span class='ocrx_word' id='word_1_129' title='bbox 485 2097 560 2148; x_wconf 84' lang='lat' dir='ltr'><strong>Leid.</strong></span> <span class='ocrx_word' id='word_1_130' title='bbox 573 2106 598 2147; x_wconf 79' lang='lat' dir='ltr'><strong>st</strong></span> <span class='ocrx_word' id='word_1_131' title='bbox 610 2099 685 2148; x_wconf 84' lang='lat' dir='ltr'><strong>Voss.</strong></span> <span class='ocrx_word' id='word_1_132' title='bbox 698 2104 721 2149; x_wconf 87' lang='lat'><strong>1.</strong></span> <span class='ocrx_word' id='word_1_133' title='bbox 734 2105 759 2149; x_wconf 69' lang='lat'><strong>2.</strong></span> <span class='ocrx_word' id='word_1_134' title='bbox 775 2101 881 2162; x_wconf 79' lang='lat' dir='ltr'><strong>peditum</strong></span> <span class='ocrx_word' id='word_1_135' title='bbox 893 2115 941 2164; x_wconf 81' lang='lat' dir='ltr'><strong>pro</strong></span> <span class='ocrx_word' id='word_1_136' title='bbox 949 2101 1047 2163; x_wconf 77' lang='lat' dir='ltr'><strong>pedites.</strong></span> <span class='ocrx_word' id='word_1_137' title='bbox 1080 2097 1148 2150; x_wconf 80' lang='lat' dir='ltr'><strong>Edd.</strong></span> <span class='ocrx_word' id='word_1_138' title='bbox 1160 2112 1250 2149; x_wconf 85' lang='lat' dir='ltr'><strong>omues</strong></span> 
     </span>
     <span class='ocr_line' id='line_1_18' title="bbox 154 2159 1251 2228; baseline 0.004 -20"><span class='ocrx_word' id='word_1_139' title='bbox 154 2167 212 2208; x_wconf 77' lang='lat' dir='ltr'><strong>tute</strong></span> <span class='ocrx_word' id='word_1_140' title='bbox 222 2159 381 2208; x_wconf 81' lang='lat' dir='ltr'><strong>Sebrnieder.</strong></span> <span class='ocrx_word' id='word_1_141' title='bbox 392 2168 420 2210; x_wconf 90' lang='lat' dir='ltr'><strong>et</strong></span> <span class='ocrx_word' id='word_1_142' title='bbox 431 2161 507 2211; x_wconf 89' lang='lat' dir='ltr'><strong>Botlr.</strong></span> <span class='ocrx_word' id='word_1_143' title='bbox 520 2163 642 2213; x_wconf 88' lang='lat' dir='ltr'><strong>omittunt</strong></span> <span class='ocrx_word' id='word_1_144' title='bbox 655 2169 678 2212; x_wconf 86' lang='lat' dir='ltr'><strong>et</strong></span> <span class='ocrx_word' id='word_1_145' title='bbox 691 2171 751 2214; x_wconf 83' lang='lat' dir='ltr'><strong>ante</strong></span> <span class='ocrx_word' id='word_1_146' title='bbox 763 2170 885 2228; x_wconf 55' lang='lat' dir='ltr'><strong>mmmm,</strong></span> <span class='ocrx_word' id='word_1_147' title='bbox 897 2165 965 2228; x_wconf 91' lang='lat' dir='ltr'><strong>quod</strong></span> <span class='ocrx_word' id='word_1_148' title='bbox 976 2164 1088 2216; x_wconf 84' lang='lat' dir='ltr'><strong>babetur</strong></span> <span class='ocrx_word' id='word_1_149' title='bbox 1099 2165 1124 2213; x_wconf 91' lang='lat' dir='ltr'><strong>iu</strong></span> <span class='ocrx_word' id='word_1_150' title='bbox 1137 2163 1212 2212; x_wconf 84' lang='lat' dir='ltr'><strong>Voss.</strong></span> <span class='ocrx_word' id='word_1_151' title='bbox 1224 2166 1251 2210; x_wconf 73' lang='lat'><strong>2.</strong></span> 
     </span>
     <span class='ocr_line' id='line_1_19' title="bbox 154 2222 1251 2289; baseline 0.005 -19"><span class='ocrx_word' id='word_1_152' title='bbox 154 2222 226 2272; x_wconf 70' lang='lat' dir='ltr'><strong>liudi.</strong></span> <span class='ocrx_word' id='word_1_153' title='bbox 239 2230 267 2272; x_wconf 85' lang='lat' dir='ltr'><strong>et</strong></span> <span class='ocrx_word' id='word_1_154' title='bbox 277 2223 451 2276; x_wconf 62' lang='lat' dir='ltr'><strong>‘timuere-ll</strong></span> <span class='ocrx_word' id='word_1_155' title='bbox 469 2226 527 2276; x_wconf 85' lang='lat' dir='ltr'><strong>Pal.</strong></span> <span class='ocrx_word' id='word_1_156' title='bbox 540 2231 564 2276; x_wconf 90' lang='lat'><strong>1.</strong></span> <span class='ocrx_word' id='word_1_157' title='bbox 583 2227 708 2278; x_wconf 80' lang='lat' dir='ltr'><strong>Hercules.</strong></span> <span class='ocrx_word' id='word_1_158' title='bbox 742 2228 819 2279; x_wconf 87' lang='lat' dir='ltr'><strong>Voss.</strong></span> <span class='ocrx_word' id='word_1_159' title='bbox 829 2233 854 2278; x_wconf 74' lang='lat'><strong>2.</strong></span> <span class='ocrx_word' id='word_1_160' title='bbox 870 2234 892 2278; x_wconf 83' lang='lat' dir='ltr'><strong>et</strong></span> <span class='ocrx_word' id='word_1_161' title='bbox 903 2232 928 2278; x_wconf 87' lang='lat' dir='ltr'><strong>d.</strong></span> <span class='ocrx_word' id='word_1_162' title='bbox 938 2231 1144 2289; x_wconf 61' lang='lat' dir='ltr'><strong>geronem-ro</strong></span> <span class='ocrx_word' id='word_1_163' title='bbox 1156 2228 1211 2276; x_wconf 77' lang='lat' dir='ltr'><strong>Etr.</strong></span> <span class='ocrx_word' id='word_1_164' title='bbox 1223 2232 1251 2276; x_wconf 89' lang='lat' dir='ltr'><strong>et</strong></span> 
     </span>
     <span class='ocr_line' id='line_1_20' title="bbox 154 2287 1252 2357; baseline 0.005 -23"><span class='ocrx_word' id='word_1_165' title='bbox 154 2287 210 2335; x_wconf 85' lang='lat' dir='ltr'><strong>edd.</strong></span> <span class='ocrx_word' id='word_1_166' title='bbox 229 2289 319 2350; x_wconf 77' lang='lat' dir='ltr'><strong>rulgg.</strong></span> <span class='ocrx_word' id='word_1_167' title='bbox 331 2295 392 2337; x_wconf 78' lang='lat' dir='ltr'><strong>ante</strong></span> <span class='ocrx_word' id='word_1_168' title='bbox 404 2288 520 2338; x_wconf 78' lang='lat' dir='ltr'><strong>Freinsh·</strong></span> <span class='ocrx_word' id='word_1_169' title='bbox 531 2289 594 2340; x_wconf 69' lang='lat' dir='ltr'><strong>enirn</strong></span> <span class='ocrx_word' id='word_1_170' title='bbox 607 2306 653 2354; x_wconf 82' lang='lat' dir='ltr'><strong>pro</strong></span> <span class='ocrx_word' id='word_1_171' title='bbox 664 2293 746 2350; x_wconf 72' lang='lat' dir='ltr'><strong>dium,</strong></span> <span class='ocrx_word' id='word_1_172' title='bbox 764 2293 831 2357; x_wconf 91' lang='lat' dir='ltr'><strong>quod</strong></span> <span class='ocrx_word' id='word_1_173' title='bbox 845 2299 952 2343; x_wconf 81' lang='lat' dir='ltr'><strong>servunt</strong></span> <span class='ocrx_word' id='word_1_174' title='bbox 964 2293 1077 2342; x_wconf 81' lang='lat' dir='ltr'><strong>Florent.</strong></span> <span class='ocrx_word' id='word_1_175' title='bbox 1089 2290 1163 2340; x_wconf 73' lang='lat' dir='ltr'><strong>Laid.</strong></span> <span class='ocrx_word' id='word_1_176' title='bbox 1175 2291 1252 2340; x_wconf 79' lang='lat' dir='ltr'><strong>Voss.</strong></span> 
     </span>
     <span class='ocr_line' id='line_1_21' title="bbox 155 2350 1252 2419; baseline 0.004 -21"><span class='ocrx_word' id='word_1_177' title='bbox 155 2353 177 2399; x_wconf 91' lang='lat' dir='ltr'><strong>t.</strong></span> <span class='ocrx_word' id='word_1_178' title='bbox 188 2350 248 2399; x_wconf 78' lang='lat' dir='ltr'><strong>Ate.</strong></span> <span class='ocrx_word' id='word_1_179' title='bbox 260 2353 345 2401; x_wconf 83' lang='lat' dir='ltr'><strong>Collo.</strong></span> <span class='ocrx_word' id='word_1_180' title='bbox 358 2352 460 2416; x_wconf 81' lang='lat' dir='ltr'><strong>Grypb.</strong></span> <span class='ocrx_word' id='word_1_181' title='bbox 472 2354 550 2404; x_wconf 82' lang='lat' dir='ltr'><strong>Frob.</strong></span> <span class='ocrx_word' id='word_1_182' title='bbox 563 2354 630 2406; x_wconf 85' lang='lat' dir='ltr'><strong>Mer.</strong></span> <span class='ocrx_word' id='word_1_183' title='bbox 643 2355 703 2404; x_wconf 82' lang='lat' dir='ltr'><strong>Bar.</strong></span> <span class='ocrx_word' id='word_1_184' title='bbox 716 2357 772 2406; x_wconf 85' lang='lat' dir='ltr'><strong>Csl.</strong></span> <span class='ocrx_word' id='word_1_185' title='bbox 785 2365 813 2405; x_wconf 88' lang='lat' dir='ltr'><strong>et</strong></span> <span class='ocrx_word' id='word_1_186' title='bbox 824 2356 906 2419; x_wconf 73' lang='lat' dir='ltr'><strong>Irrgd.</strong></span> <span class='ocrx_word' id='word_1_187' title='bbox 924 2357 980 2419; x_wconf 86' lang='lat' dir='ltr'><strong>ejus</strong></span> <span class='ocrx_word' id='word_1_188' title='bbox 996 2370 1057 2405; x_wconf 82' lang='lat' dir='ltr'><strong>vero</strong></span> <span class='ocrx_word' id='word_1_189' title='bbox 1074 2356 1131 2403; x_wconf 86' lang='lat' dir='ltr'><strong>loeo</strong></span> <span class='ocrx_word' id='word_1_190' title='bbox 1141 2355 1215 2403; x_wconf 84' lang='lat' dir='ltr'><strong>Voss.</strong></span> <span class='ocrx_word' id='word_1_191' title='bbox 1225 2357 1252 2402; x_wconf 68' lang='lat' dir='ltr'><strong>a.</strong></span> 
     </span>
     <span class='ocr_line' id='line_1_22' title="bbox 154 2414 1253 2484; baseline 0.001 -21"><span class='ocrx_word' id='word_1_192' title='bbox 154 2429 208 2463; x_wconf 84' lang='lat' dir='ltr'><strong>erse.</strong></span> <span class='ocrx_word' id='word_1_193' title='bbox 243 2417 360 2467; x_wconf 77' lang='lat' dir='ltr'><strong>Floreat.</strong></span> <span class='ocrx_word' id='word_1_194' title='bbox 372 2417 448 2467; x_wconf 86' lang='lat' dir='ltr'><strong>Leid.</strong></span> <span class='ocrx_word' id='word_1_195' title='bbox 460 2419 532 2469; x_wconf 74' lang='lat' dir='ltr'><strong>Voss.</strong></span> <span class='ocrx_word' id='word_1_196' title='bbox 544 2423 567 2468; x_wconf 88' lang='lat'><strong>1.</strong></span> <span class='ocrx_word' id='word_1_197' title='bbox 578 2424 605 2468; x_wconf 80' lang='lat' dir='ltr'><strong>a.</strong></span> <span class='ocrx_word' id='word_1_198' title='bbox 621 2419 688 2470; x_wconf 88' lang='lat' dir='ltr'><strong>Mer.</strong></span> <span class='ocrx_word' id='word_1_199' title='bbox 700 2429 726 2468; x_wconf 89' lang='lat' dir='ltr'><strong>et</strong></span> <span class='ocrx_word' id='word_1_200' title='bbox 738 2421 821 2482; x_wconf 75' lang='lat' dir='ltr'><strong>Boog.</strong></span> <span class='ocrx_word' id='word_1_201' title='bbox 839 2420 877 2469; x_wconf 85' lang='lat' dir='ltr'><strong>liis</strong></span> <span class='ocrx_word' id='word_1_202' title='bbox 888 2421 930 2484; x_wconf 79' lang='lat' dir='ltr'><strong>qui</strong></span> <span class='ocrx_word' id='word_1_203' title='bbox 941 2435 987 2482; x_wconf 83' lang='lat' dir='ltr'><strong>pro</strong></span> <span class='ocrx_word' id='word_1_204' title='bbox 997 2419 1038 2468; x_wconf 81' lang='lat' dir='ltr'><strong>iis.</strong></span> <span class='ocrx_word' id='word_1_205' title='bbox 1072 2419 1143 2469; x_wconf 82' lang='lat' dir='ltr'><strong>Pith.</strong></span> <span class='ocrx_word' id='word_1_206' title='bbox 1153 2414 1253 2466; x_wconf 87' lang='lat' dir='ltr'><strong>omittit</strong></span> 
     </span>
     <span class='ocr_line' id='line_1_23' title="bbox 154 2479 1252 2548; baseline -0.002 -18"><span class='ocrx_word' id='word_1_207' title='bbox 154 2479 284 2540; x_wconf 63' lang='lat' dir='ltr'><strong>quondum</strong></span> <span class='ocrx_word' id='word_1_208' title='bbox 301 2481 385 2544; x_wconf 69' lang='grc' dir='ltr'>Βοῦς.</span> <span class='ocrx_word' id='word_1_209' title='bbox 404 2485 428 2532; x_wconf 91' lang='lat' dir='ltr'><strong>l.</strong></span> <span class='ocrx_word' id='word_1_210' title='bbox 448 2481 540 2532; x_wconf 77' lang='lat' dir='ltr'><strong>babet:</strong></span> <span class='ocrx_word' id='word_1_211' title='bbox 562 2483 660 2533; x_wconf 74' lang='lat' dir='ltr'><strong>wadum</strong></span> <span class='ocrx_word' id='word_1_212' title='bbox 679 2490 808 2548; x_wconf 70' lang='lat' dir='ltr'><strong>ceperoatf</strong></span> <span class='ocrx_word' id='word_1_213' title='bbox 825 2484 881 2534; x_wconf 81' lang='lat' dir='ltr'><strong>Pul.</strong></span> <span class='ocrx_word' id='word_1_214' title='bbox 894 2488 918 2533; x_wconf 91' lang='lat' dir='ltr'><strong>l.</strong></span> <span class='ocrx_word' id='word_1_215' title='bbox 935 2500 983 2534; x_wconf 75' lang='lat' dir='ltr'><strong>sos</strong></span> <span class='ocrx_word' id='word_1_216' title='bbox 999 2489 1119 2547; x_wconf 64' lang='lat' dir='ltr'><strong>sepem</strong></span> <span class='ocrx_word' id='word_1_217' title='bbox 1152 2481 1252 2532; x_wconf 87' lang='lat' dir='ltr'><strong>Omnes</strong></span> 
     </span>
    </p>
   </div>
   <div class='ocr_carea' id='block_1_8' title="bbox 650 2626 757 2680">
    <p class='ocr_par' dir='ltr' id='par_1_8' title="bbox 650 2626 757 2680">
     <span class='ocr_line' id='line_1_24' title="bbox 650 2626 757 2680; baseline 0.019 -2"><span class='ocrx_word' id='word_1_218' title='bbox 650 2626 757 2680; x_wconf 77' lang='lat' dir='ltr'><strong>NO&#39;l&#39;AE</strong></span> 
     </span>
    </p>
   </div>
   <div class='ocr_carea' id='block_1_9' title="bbox 155 2721 1279 4306">
    <p class='ocr_par' dir='ltr' id='par_1_9' title="bbox 155 2721 1279 4306">
     <span class='ocr_line' id='line_1_25' title="bbox 156 2721 1254 2792; baseline 0.004 -22"><span class='ocrx_word' id='word_1_219' title='bbox 156 2721 264 2784; x_wconf 74' lang='lat' dir='ltr'><strong>potimur</strong></span> <span class='ocrx_word' id='word_1_220' title='bbox 275 2734 368 2785; x_wconf 74' lang='lat' dir='ltr'><strong>agmen</strong></span> <span class='ocrx_word' id='word_1_221' title='bbox 382 2721 512 2786; x_wconf 80' lang='lat' dir='ltr'><strong>babuisse,</strong></span> <span class='ocrx_word' id='word_1_222' title='bbox 525 2731 554 2773; x_wconf 90' lang='lat' dir='ltr'><strong>ut</strong></span> <span class='ocrx_word' id='word_1_223' title='bbox 565 2724 635 2774; x_wconf 88' lang='lat' dir='ltr'><strong>iuter</strong></span> <span class='ocrx_word' id='word_1_224' title='bbox 645 2724 684 2789; x_wconf 84' lang='lat' dir='ltr'><strong>ip·</strong></span> <span class='ocrx_word' id='word_1_225' title='bbox 726 2726 789 2776; x_wconf 87' lang='lat' dir='ltr'><strong>uibit</strong></span> <span class='ocrx_word' id='word_1_226' title='bbox 800 2727 870 2777; x_wconf 79' lang='lat' dir='ltr'><strong>aliud</strong></span> <span class='ocrx_word' id='word_1_227' title='bbox 885 2727 934 2778; x_wconf 89' lang='lat' dir='ltr'><strong>hoe</strong></span> <span class='ocrx_word' id='word_1_228' title='bbox 949 2726 1052 2792; x_wconf 85' lang='lat' dir='ltr'><strong>quidem</strong></span> <span class='ocrx_word' id='word_1_229' title='bbox 1065 2725 1123 2775; x_wconf 90' lang='lat' dir='ltr'><strong>loeo</strong></span> <span class='ocrx_word' id='word_1_230' title='bbox 1139 2739 1197 2775; x_wconf 86' lang='lat' dir='ltr'><strong>esse</strong></span> <span class='ocrx_word' id='word_1_231' title='bbox 1209 2740 1254 2789; x_wconf 79' lang='lat' dir='ltr'><strong>po·</strong></span> 
     </span>
     <span class='ocr_line' id='line_1_26' title="bbox 155 2797 1254 2866; baseline 0.004 -21"><span class='ocrx_word' id='word_1_232' title='bbox 155 2810 209 2846; x_wconf 85' lang='lat' dir='ltr'><strong>som</strong></span> <span class='ocrx_word' id='word_1_233' title='bbox 225 2803 254 2846; x_wconf 85' lang='lat' dir='ltr'><strong>et</strong></span> <span class='ocrx_word' id='word_1_234' title='bbox 272 2797 336 2846; x_wconf 85' lang='lat' dir='ltr'><strong>Pori</strong></span> <span class='ocrx_word' id='word_1_235' title='bbox 355 2799 509 2858; x_wconf 80' lang='lat' dir='ltr'><strong>exercitum.</strong></span> <span class='ocrx_word' id='word_1_236' title='bbox 527 2800 686 2852; x_wconf 72' lang='lat' dir='ltr'><strong>Macedones</strong></span> <span class='ocrx_word' id='word_1_237' title='bbox 727 2807 789 2864; x_wconf 88' lang='lat' dir='ltr'><strong>test,</strong></span> <span class='ocrx_word' id='word_1_238' title='bbox 800 2801 918 2866; x_wconf 77' lang='lat' dir='ltr'><strong>quemad</strong></span> <span class='ocrx_word' id='word_1_239' title='bbox 930 2815 1042 2865; x_wconf 75' lang='lat' dir='ltr'><strong>pugnero</strong></span> <span class='ocrx_word' id='word_1_240' title='bbox 1052 2801 1148 2853; x_wconf 77' lang='lat' dir='ltr'><strong>acriter</strong></span> <span class='ocrx_word' id='word_1_241' title='bbox 1161 2814 1254 2863; x_wconf 72' lang='lat' dir='ltr'><strong>parare</strong></span> 
     </span>
     <span class='ocr_line' id='line_1_27' title="bbox 155 2873 984 2945; baseline 0.008 -24"><span class='ocrx_word' id='word_1_242' title='bbox 155 2887 211 2922; x_wconf 82' lang='lat' dir='ltr'><strong>rese</strong></span> <span class='ocrx_word' id='word_1_243' title='bbox 222 2873 421 2936; x_wconf 79' lang='lat' dir='ltr'><strong>interjecerint:</strong></span> <span class='ocrx_word' id='word_1_244' title='bbox 439 2876 507 2940; x_wconf 92' lang='lat' dir='ltr'><strong>quod</strong></span> <span class='ocrx_word' id='word_1_245' title='bbox 520 2875 546 2926; x_wconf 88' lang='lat' dir='ltr'><strong>irr</strong></span> <span class='ocrx_word' id='word_1_246' title='bbox 560 2876 686 2928; x_wconf 83' lang='lat' dir='ltr'><strong>subitario</strong></span> <span class='ocrx_word' id='word_1_247' title='bbox 726 2894 765 2941; x_wconf 85' lang='lat' dir='ltr'><strong>se,</strong></span> <span class='ocrx_word' id='word_1_248' title='bbox 778 2888 823 2930; x_wconf 88' lang='lat' dir='ltr'><strong>sot</strong></span> <span class='ocrx_word' id='word_1_249' title='bbox 834 2895 984 2945; x_wconf 63' lang='lat' dir='ltr'><strong>properare</strong></span> 
     </span>
     <span class='ocr_line' id='line_1_28' title="bbox 155 2952 1256 3019; baseline 0.005 -23"><span class='ocrx_word' id='word_1_250' title='bbox 155 2957 181 2998; x_wconf 85' lang='lat' dir='ltr'><strong>et</strong></span> <span class='ocrx_word' id='word_1_251' title='bbox 205 2963 283 3012; x_wconf 79' lang='lat' dir='ltr'><strong>prena</strong></span> <span class='ocrx_word' id='word_1_252' title='bbox 308 2957 436 3000; x_wconf 85' lang='lat' dir='ltr'><strong>nonturno</strong></span> <span class='ocrx_word' id='word_1_253' title='bbox 458 2952 591 3015; x_wconf 83' lang='lat' dir='ltr'><strong>copiarum</strong></span> <span class='ocrx_word' id='word_1_254' title='bbox 613 2961 686 3001; x_wconf 84' lang='lat' dir='ltr'><strong>motu</strong></span> <span class='ocrx_word' id='word_1_255' title='bbox 759 2953 772 2988; x_wconf 63' lang='lat' dir='ltr'><strong>b</strong></span> <span class='ocrx_word' id='word_1_256' title='bbox 790 2957 849 3005; x_wconf 84' lang='lat' dir='ltr'><strong>Post</strong></span> <span class='ocrx_word' id='word_1_257' title='bbox 858 2955 908 3019; x_wconf 81' lang='lat' dir='ltr'><strong>ees]</strong></span> <span class='ocrx_word' id='word_1_258' title='bbox 919 2955 949 3005; x_wconf 87' lang='lat' dir='ltr'><strong>iu</strong></span> <span class='ocrx_word' id='word_1_259' title='bbox 957 2955 1005 3004; x_wconf 86' lang='lat' dir='ltr'><strong>boe</strong></span> <span class='ocrx_word' id='word_1_260' title='bbox 1014 2953 1156 3003; x_wconf 80' lang='lat' dir='ltr'><strong>concordat</strong></span> <span class='ocrx_word' id='word_1_261' title='bbox 1168 2952 1256 3002; x_wconf 78' lang='lat' dir='ltr'><strong>Arria·</strong></span> 
     </span>
     <span class='ocr_line' id='line_1_29' title="bbox 156 3025 1256 3096; baseline 0.002 -22"><span class='ocrx_word' id='word_1_262' title='bbox 156 3025 305 3088; x_wconf 70' lang='lat' dir='ltr'><strong>contingere</strong></span> <span class='ocrx_word' id='word_1_263' title='bbox 329 3025 429 3088; x_wconf 79' lang='lat' dir='ltr'><strong>potuit3</strong></span> <span class='ocrx_word' id='word_1_264' title='bbox 447 3026 557 3076; x_wconf 84' lang='lat' dir='ltr'><strong>maxime</strong></span> <span class='ocrx_word' id='word_1_265' title='bbox 578 3035 687 3090; x_wconf 82' lang='lat' dir='ltr'><strong>propter</strong></span> <span class='ocrx_word' id='word_1_266' title='bbox 727 3045 792 3080; x_wconf 82' lang='lat' dir='ltr'><strong>nus:</strong></span> <span class='ocrx_word' id='word_1_267' title='bbox 809 3032 835 3079; x_wconf 91' lang='lat' dir='ltr'><strong>in</strong></span> <span class='ocrx_word' id='word_1_268' title='bbox 847 3031 951 3096; x_wconf 88' lang='lat' dir='ltr'><strong>reliquis</strong></span> <span class='ocrx_word' id='word_1_269' title='bbox 961 3029 1171 3094; x_wconf 74' lang='lat' dir='ltr'><strong>protodirsrsnm</strong></span> <span class='ocrx_word' id='word_1_270' title='bbox 1179 3028 1256 3091; x_wconf 74' lang='lat' dir='ltr'><strong>buJ&#39;us</strong></span> 
     </span>
     <span class='ocr_line' id='line_1_30' title="bbox 157 3100 1256 3168; baseline 0 -18"><span class='ocrx_word' id='word_1_271' title='bbox 157 3115 245 3151; x_wconf 80' lang='lat' dir='ltr'><strong>ourrru</strong></span> <span class='ocrx_word' id='word_1_272' title='bbox 253 3100 457 3166; x_wconf 85' lang='lat' dir='ltr'><strong>quibusdircoto</strong></span> <span class='ocrx_word' id='word_1_273' title='bbox 468 3101 575 3167; x_wconf 70' lang='lat' dir='ltr'><strong>agendis</strong></span> <span class='ocrx_word' id='word_1_274' title='bbox 587 3118 637 3154; x_wconf 90' lang='lat' dir='ltr'><strong>non</strong></span> <span class='ocrx_word' id='word_1_275' title='bbox 648 3102 686 3153; x_wconf 81' lang='lat' dir='ltr'><strong>sa·</strong></span> <span class='ocrx_word' id='word_1_276' title='bbox 729 3106 794 3154; x_wconf 84' lang='lat' dir='ltr'><strong>aciei</strong></span> <span class='ocrx_word' id='word_1_277' title='bbox 806 3105 1000 3168; x_wconf 84' lang='lat' dir='ltr'><strong>dispositionem</strong></span> <span class='ocrx_word' id='word_1_278' title='bbox 1010 3103 1147 3163; x_wconf 74' lang='lat' dir='ltr'><strong>describit3</strong></span> <span class='ocrx_word' id='word_1_279' title='bbox 1166 3103 1256 3152; x_wconf 78' lang='lat' dir='ltr'><strong>talium</strong></span> 
     </span>
     <span class='ocr_line' id='line_1_31' title="bbox 157 3177 1258 3243; baseline 0 -17"><span class='ocrx_word' id='word_1_280' title='bbox 157 3177 206 3226; x_wconf 85' lang='lat' dir='ltr'><strong>eila</strong></span> <span class='ocrx_word' id='word_1_281' title='bbox 229 3184 294 3241; x_wconf 75' lang='lat' dir='ltr'><strong>apte</strong></span> <span class='ocrx_word' id='word_1_282' title='bbox 317 3177 437 3241; x_wconf 80' lang='lat' dir='ltr'><strong>planities</strong></span> <span class='ocrx_word' id='word_1_283' title='bbox 460 3179 581 3229; x_wconf 87' lang='lat' dir='ltr'><strong>occurrit.</strong></span> <span class='ocrx_word' id='word_1_284' title='bbox 622 3180 687 3229; x_wconf 85' lang='lat' dir='ltr'><strong>Cum</strong></span> <span class='ocrx_word' id='word_1_285' title='bbox 729 3195 815 3231; x_wconf 86' lang='lat' dir='ltr'><strong>rerum</strong></span> <span class='ocrx_word' id='word_1_286' title='bbox 826 3184 908 3230; x_wconf 82' lang='lat' dir='ltr'><strong>mutto</strong></span> <span class='ocrx_word' id='word_1_287' title='bbox 917 3180 1035 3243; x_wconf 81' lang='lat' dir='ltr'><strong>peritior,</strong></span> <span class='ocrx_word' id='word_1_288' title='bbox 1044 3188 1074 3229; x_wconf 90' lang='lat' dir='ltr'><strong>ut</strong></span> <span class='ocrx_word' id='word_1_289' title='bbox 1082 3179 1147 3228; x_wconf 79' lang='lat' dir='ltr'><strong>bllss</strong></span> <span class='ocrx_word' id='word_1_290' title='bbox 1160 3179 1258 3227; x_wconf 87' lang='lat' dir='ltr'><strong>monui-</strong></span> 
     </span>
     <span class='ocr_line' id='line_1_32' title="bbox 159 3253 1009 3320; baseline 0.001 -18"><span class='ocrx_word' id='word_1_291' title='bbox 159 3267 220 3316; x_wconf 68' lang='lat' dir='ltr'><strong>ergo</strong></span> <span class='ocrx_word' id='word_1_292' title='bbox 232 3253 260 3302; x_wconf 87' lang='lat' dir='ltr'><strong>in</strong></span> <span class='ocrx_word' id='word_1_293' title='bbox 271 3267 386 3318; x_wconf 73' lang='lat' dir='ltr'><strong>pequam</strong></span> <span class='ocrx_word' id='word_1_294' title='bbox 402 3254 529 3304; x_wconf 84' lang='lat' dir='ltr'><strong>concitati</strong></span> <span class='ocrx_word' id='word_1_295' title='bbox 542 3258 636 3310; x_wconf 86' lang='lat' dir='ltr'><strong>esseut,</strong></span> <span class='ocrx_word' id='word_1_296' title='bbox 646 3269 689 3305; x_wconf 85' lang='lat' dir='ltr'><strong>eo·</strong></span> <span class='ocrx_word' id='word_1_297' title='bbox 728 3271 793 3316; x_wconf 86' lang='lat' dir='ltr'><strong>urus,</strong></span> <span class='ocrx_word' id='word_1_298' title='bbox 805 3269 881 3320; x_wconf 80' lang='lat' dir='ltr'><strong>quam</strong></span> <span class='ocrx_word' id='word_1_299' title='bbox 893 3256 1009 3305; x_wconf 86' lang='lat' dir='ltr'><strong>Currlur.</strong></span> 
     </span>
     <span class='ocr_line' id='line_1_33' title="bbox 160 3328 1257 3395; baseline -0.001 -17"><span class='ocrx_word' id='word_1_300' title='bbox 160 3343 213 3378; x_wconf 77' lang='lat' dir='ltr'><strong>rear</strong></span> <span class='ocrx_word' id='word_1_301' title='bbox 224 3330 386 3392; x_wconf 81' lang='lat' dir='ltr'><strong>plurimihrc</strong></span> <span class='ocrx_word' id='word_1_302' title='bbox 397 3329 600 3394; x_wconf 82' lang='lat' dir='ltr'><strong>illaedissiprtt:</strong></span> <span class='ocrx_word' id='word_1_303' title='bbox 612 3331 689 3394; x_wconf 81' lang='lat' dir='ltr'><strong>pauci</strong></span> <span class='ocrx_word' id='word_1_304' title='bbox 760 3331 768 3366; x_wconf 85' lang='lat'><strong>¹</strong></span> <span class='ocrx_word' id='word_1_305' title='bbox 784 3333 862 3382; x_wconf 62' lang='lat' dir='ltr'><strong>Home</strong></span> <span class='ocrx_word' id='word_1_306' title='bbox 878 3332 1006 3395; x_wconf 65' lang='lat' dir='ltr'><strong>miton]</strong></span> <span class='ocrx_word' id='word_1_307' title='bbox 1029 3329 1101 3380; x_wconf 79' lang='lat' dir='ltr'><strong>Nota</strong></span> <span class='ocrx_word' id='word_1_308' title='bbox 1118 3328 1207 3379; x_wconf 81' lang='lat' dir='ltr'><strong>fabula</strong></span> <span class='ocrx_word' id='word_1_309' title='bbox 1224 3329 1257 3378; x_wconf 86' lang='lat' dir='ltr'><strong>de</strong></span> 
     </span>
     <span class='ocr_line' id='line_1_34' title="bbox 161 3405 1257 3470; baseline 0.001 -16"><span class='ocrx_word' id='word_1_310' title='bbox 161 3419 205 3468; x_wconf 74' lang='lat' dir='ltr'><strong>per</strong></span> <span class='ocrx_word' id='word_1_311' title='bbox 222 3406 335 3454; x_wconf 84' lang='lat' dir='ltr'><strong>rnediam</strong></span> <span class='ocrx_word' id='word_1_312' title='bbox 354 3405 466 3456; x_wconf 85' lang='lat' dir='ltr'><strong>bertium</strong></span> <span class='ocrx_word' id='word_1_313' title='bbox 486 3409 568 3456; x_wconf 80' lang='lat' dir='ltr'><strong>sciero</strong></span> <span class='ocrx_word' id='word_1_314' title='bbox 586 3405 689 3470; x_wconf 84' lang='lat' dir='ltr'><strong>impulsi</strong></span> <span class='ocrx_word' id='word_1_315' title='bbox 729 3408 853 3458; x_wconf 85' lang='lat' dir='ltr'><strong>Herculis</strong></span> <span class='ocrx_word' id='word_1_316' title='bbox 863 3406 979 3457; x_wconf 80' lang='lat' dir='ltr'><strong>&#39;lbebuni</strong></span> <span class='ocrx_word' id='word_1_317' title='bbox 998 3405 1165 3468; x_wconf 81' lang='lat' dir='ltr'><strong>expeditione</strong></span> <span class='ocrx_word' id='word_1_318' title='bbox 1176 3405 1257 3455; x_wconf 87' lang='lat' dir='ltr'><strong>inlu·</strong></span> 
     </span>
     <span class='ocr_line' id='line_1_35' title="bbox 161 3479 1259 3545; baseline 0.001 -16"><span class='ocrx_word' id='word_1_319' title='bbox 161 3482 191 3528; x_wconf 78' lang='lat' dir='ltr'><strong>sd</strong></span> <span class='ocrx_word' id='word_1_320' title='bbox 203 3481 299 3530; x_wconf 84' lang='lat' dir='ltr'><strong>Porum</strong></span> <span class='ocrx_word' id='word_1_321' title='bbox 315 3494 398 3545; x_wconf 87' lang='lat' dir='ltr'><strong>nsque</strong></span> <span class='ocrx_word' id='word_1_322' title='bbox 409 3493 528 3541; x_wconf 84' lang='lat' dir='ltr'><strong>erasere;</strong></span> <span class='ocrx_word' id='word_1_323' title='bbox 540 3481 690 3531; x_wconf 83' lang='lat' dir='ltr'><strong>Macedoni·</strong></span> <span class='ocrx_word' id='word_1_324' title='bbox 730 3485 814 3545; x_wconf 76' lang='lat' dir='ltr'><strong>diam3</strong></span> <span class='ocrx_word' id='word_1_325' title='bbox 832 3482 934 3533; x_wconf 77' lang='lat' dir='ltr'><strong>Grecis</strong></span> <span class='ocrx_word' id='word_1_326' title='bbox 945 3481 977 3530; x_wconf 81' lang='lat' dir='ltr'><strong>ed</strong></span> <span class='ocrx_word' id='word_1_327' title='bbox 995 3495 1069 3530; x_wconf 90' lang='lat' dir='ltr'><strong>suurn</strong></span> <span class='ocrx_word' id='word_1_328' title='bbox 1085 3479 1157 3531; x_wconf 88' lang='lat' dir='ltr'><strong>ilium</strong></span> <span class='ocrx_word' id='word_1_329' title='bbox 1177 3481 1259 3531; x_wconf 82' lang='lat' dir='ltr'><strong>reior-</strong></span> 
     </span>
     <span class='ocr_line' id='line_1_36' title="bbox 163 3555 1256 3622; baseline 0.003 -17"><span class='ocrx_word' id='word_1_330' title='bbox 163 3556 217 3617; x_wconf 82' lang='lat' dir='ltr'><strong>bur,</strong></span> <span class='ocrx_word' id='word_1_331' title='bbox 235 3564 265 3605; x_wconf 92' lang='lat' dir='ltr'><strong>ut</strong></span> <span class='ocrx_word' id='word_1_332' title='bbox 280 3557 343 3605; x_wconf 78' lang='lat' dir='ltr'><strong>stirs</strong></span> <span class='ocrx_word' id='word_1_333' title='bbox 362 3555 407 3606; x_wconf 78' lang='grc' dir='ltr'><strong>ΙΙΙ).</strong></span> <span class='ocrx_word' id='word_1_334' title='bbox 418 3570 457 3607; x_wconf 82' lang='lat' dir='ltr'><strong>rv.</strong></span> <span class='ocrx_word' id='word_1_335' title='bbox 474 3571 533 3621; x_wconf 82' lang='lat' dir='ltr'><strong>cup.</strong></span> <span class='ocrx_word' id='word_1_336' title='bbox 552 3561 591 3606; x_wconf 77' lang='lat'><strong>15.</strong></span> <span class='ocrx_word' id='word_1_337' title='bbox 607 3555 640 3605; x_wconf 84' lang='lat' dir='ltr'><strong>de</strong></span> <span class='ocrx_word' id='word_1_338' title='bbox 652 3557 689 3606; x_wconf 84' lang='lat' dir='ltr'><strong>iu·</strong></span> <span class='ocrx_word' id='word_1_339' title='bbox 730 3559 833 3610; x_wconf 85' lang='lat' dir='ltr'><strong>entibus</strong></span> <span class='ocrx_word' id='word_1_340' title='bbox 844 3557 964 3622; x_wconf 85' lang='lat' dir='ltr'><strong>quicquid</strong></span> <span class='ocrx_word' id='word_1_341' title='bbox 977 3572 1083 3622; x_wconf 84' lang='lat' dir='ltr'><strong>usquam</strong></span> <span class='ocrx_word' id='word_1_342' title='bbox 1101 3571 1118 3605; x_wconf 84' lang='lat' dir='ltr'><strong>a</strong></span> <span class='ocrx_word' id='word_1_343' title='bbox 1134 3560 1256 3622; x_wconf 81' lang='lat' dir='ltr'><strong>quopiam</strong></span> 
     </span>
     <span class='ocr_line' id='line_1_37' title="bbox 163 3633 1260 3699; baseline 0.002 -18"><span class='ocrx_word' id='word_1_344' title='bbox 163 3633 259 3684; x_wconf 79' lang='lat' dir='ltr'><strong>dustria</strong></span> <span class='ocrx_word' id='word_1_345' title='bbox 287 3635 417 3699; x_wconf 84' lang='lat' dir='ltr'><strong>utrimque</strong></span> <span class='ocrx_word' id='word_1_346' title='bbox 436 3633 638 3696; x_wconf 81' lang='lat' dir='ltr'><strong>discedentibus,</strong></span> <span class='ocrx_word' id='word_1_347' title='bbox 660 3639 690 3682; x_wconf 91' lang='lat' dir='ltr'><strong>ut</strong></span> <span class='ocrx_word' id='word_1_348' title='bbox 729 3637 835 3685; x_wconf 84' lang='lat' dir='ltr'><strong>heroum</strong></span> <span class='ocrx_word' id='word_1_349' title='bbox 846 3634 971 3698; x_wconf 69' lang='lat' dir='ltr'><strong>preclare</strong></span> <span class='ocrx_word' id='word_1_350' title='bbox 983 3642 1082 3697; x_wconf 78' lang='lat' dir='ltr'><strong>gestum</strong></span> <span class='ocrx_word' id='word_1_351' title='bbox 1093 3644 1260 3698; x_wconf 82' lang='lat' dir='ltr'><strong>acceperant.</strong></span> 
     </span>
     <span class='ocr_line' id='line_1_38' title="bbox 163 3707 1259 3761; baseline 0.001 -4"><span class='ocrx_word' id='word_1_352' title='bbox 163 3709 255 3759; x_wconf 82' lang='lat' dir='ltr'><strong>innoxii</strong></span> <span class='ocrx_word' id='word_1_353' title='bbox 275 3710 427 3759; x_wconf 81' lang='lat' dir='ltr'><strong>transirent.</strong></span> <span class='ocrx_word' id='word_1_354' title='bbox 453 3707 518 3758; x_wconf 75' lang='lat' dir='ltr'><strong>Herc</strong></span> <span class='ocrx_word' id='word_1_355' title='bbox 539 3709 561 3757; x_wconf 88' lang='lat' dir='ltr'><strong>si</strong></span> <span class='ocrx_word' id='word_1_356' title='bbox 579 3709 621 3760; x_wconf 85' lang='lat' dir='ltr'><strong>eni</strong></span> <span class='ocrx_word' id='word_1_357' title='bbox 639 3722 689 3758; x_wconf 87' lang='lat' dir='ltr'><strong>non</strong></span> <span class='ocrx_word' id='word_1_358' title='bbox 731 3711 789 3761; x_wconf 86' lang='lat' dir='ltr'><strong>Nec</strong></span> <span class='ocrx_word' id='word_1_359' title='bbox 810 3710 936 3760; x_wconf 86' lang='lat' dir='ltr'><strong>immerito</strong></span> <span class='ocrx_word' id='word_1_360' title='bbox 961 3717 1049 3758; x_wconf 82' lang='lat' dir='ltr'><strong>censet</strong></span> <span class='ocrx_word' id='word_1_361' title='bbox 1067 3709 1259 3760; x_wconf 72' lang='lat' dir='ltr'><strong>Freinshemius</strong></span> 
     </span>
     <span class='ocr_line' id='line_1_39' title="bbox 164 3783 1279 3850; baseline 0.002 -18"><span class='ocrx_word' id='word_1_362' title='bbox 164 3783 542 3848; x_wconf 78' lang='lat' dir='ltr'><strong>piteent‚videutquotnnderu</strong></span> <span class='ocrx_word' id='word_1_363' title='bbox 550 3783 692 3833; x_wconf 85' lang='lat' dir='ltr'><strong>modocur·</strong></span> <span class='ocrx_word' id='word_1_364' title='bbox 729 3783 1122 3850; x_wconf 75' lang='lat' dir='ltr'><strong>figmentabrnitruicujuedrm</strong></span> <span class='ocrx_word' id='word_1_365' title='bbox 1135 3798 1258 3850; x_wconf 70' lang='lat' dir='ltr'><strong>esseque</strong></span> <span class='ocrx_word' id='word_1_366' title='bbox 1276 3812 1279 3817; x_wconf 88' lang='lat'><em>·</em></span> 
     </span>
     <span class='ocr_line' id='line_1_40' title="bbox 166 3859 1259 3927; baseline -0.002 -16"><span class='ocrx_word' id='word_1_367' title='bbox 166 3875 206 3911; x_wconf 76' lang='lat' dir='ltr'><strong>rus</strong></span> <span class='ocrx_word' id='word_1_368' title='bbox 223 3861 255 3912; x_wconf 80' lang='lat' dir='ltr'><strong>sd</strong></span> <span class='ocrx_word' id='word_1_369' title='bbox 269 3863 363 3912; x_wconf 80' lang='lat' dir='ltr'><strong>Porum</strong></span> <span class='ocrx_word' id='word_1_370' title='bbox 377 3869 513 3927; x_wconf 76' lang='lat' dir='ltr'><strong>penetrare</strong></span> <span class='ocrx_word' id='word_1_371' title='bbox 523 3863 598 3912; x_wconf 87' lang='lat' dir='ltr'><strong>siiter</strong></span> <span class='ocrx_word' id='word_1_372' title='bbox 614 3871 690 3926; x_wconf 85' lang='lat' dir='ltr'><strong>potu·</strong></span> <span class='ocrx_word' id='word_1_373' title='bbox 731 3860 813 3911; x_wconf 83' lang='lat' dir='ltr'><strong>refert</strong></span> <span class='ocrx_word' id='word_1_374' title='bbox 824 3861 933 3910; x_wconf 89' lang='lat' dir='ltr'><strong>Osorlus</strong></span> <span class='ocrx_word' id='word_1_375' title='bbox 946 3867 1064 3924; x_wconf 83' lang='lat' dir='ltr'><strong>tanquam</strong></span> <span class='ocrx_word' id='word_1_376' title='bbox 1081 3871 1114 3907; x_wconf 82' lang='lat' dir='ltr'><strong>ex</strong></span> <span class='ocrx_word' id='word_1_377' title='bbox 1132 3859 1204 3908; x_wconf 84' lang='lat' dir='ltr'><strong>indis</strong></span> <span class='ocrx_word' id='word_1_378' title='bbox 1216 3875 1259 3909; x_wconf 87' lang='lat' dir='ltr'><strong>au·</strong></span> 
     </span>
     <span class='ocr_line' id='line_1_41' title="bbox 166 3935 1260 3999; baseline 0.001 -15"><span class='ocrx_word' id='word_1_379' title='bbox 166 3937 237 3986; x_wconf 81' lang='lat' dir='ltr'><strong>erint.</strong></span> <span class='ocrx_word' id='word_1_380' title='bbox 731 3935 943 3998; x_wconf 83' lang='lat' dir='ltr'><strong>dita,detempio</strong></span> <span class='ocrx_word' id='word_1_381' title='bbox 954 3935 1177 3999; x_wconf 84' lang='lat' dir='ltr'><strong>monumentisque</strong></span> <span class='ocrx_word' id='word_1_382' title='bbox 1186 3935 1260 3985; x_wconf 85' lang='lat' dir='ltr'><strong>Grre·</strong></span> 
     </span>
     <span class='ocr_line' id='line_1_42' title="bbox 196 4009 1259 4078; baseline -0.004 -14"><span class='ocrx_word' id='word_1_383' title='bbox 196 4021 208 4057; x_wconf 77' lang='grc' dir='ltr'>Ι</span> <span class='ocrx_word' id='word_1_384' title='bbox 224 4015 334 4077; x_wconf 69' lang='lat' dir='ltr'><strong>Pagrum</strong></span> <span class='ocrx_word' id='word_1_385' title='bbox 350 4013 462 4077; x_wconf 78' lang='lat' dir='ltr'><strong>eiestsrn]</strong></span> <span class='ocrx_word' id='word_1_386' title='bbox 480 4013 561 4078; x_wconf 78' lang='lat' dir='ltr'><strong>Atqui</strong></span> <span class='ocrx_word' id='word_1_387' title='bbox 582 4013 692 4064; x_wconf 84' lang='lat' dir='ltr'><strong>nondum</strong></span> <span class='ocrx_word' id='word_1_388' title='bbox 732 4027 819 4064; x_wconf 87' lang='lat' dir='ltr'><strong>corum</strong></span> <span class='ocrx_word' id='word_1_389' title='bbox 831 4011 950 4074; x_wconf 86' lang='lat' dir='ltr'><strong>miiitum,</strong></span> <span class='ocrx_word' id='word_1_390' title='bbox 967 4025 1029 4075; x_wconf 88' lang='lat' dir='ltr'><strong>quos</strong></span> <span class='ocrx_word' id='word_1_391' title='bbox 1042 4009 1145 4059; x_wconf 82' lang='lat' dir='ltr'><strong>olebant</strong></span> <span class='ocrx_word' id='word_1_392' title='bbox 1157 4013 1259 4074; x_wconf 72' lang='lat' dir='ltr'><strong>gemino</strong></span> 
     </span>
     <span class='ocr_line' id='line_1_43' title="bbox 169 4085 1259 4153; baseline -0.001 -15"><span class='ocrx_word' id='word_1_393' title='bbox 169 4089 245 4138; x_wconf 81' lang='lat' dir='ltr'><strong>sciero</strong></span> <span class='ocrx_word' id='word_1_394' title='bbox 266 4091 369 4152; x_wconf 77' lang='lat' dir='ltr'><strong>penitus</strong></span> <span class='ocrx_word' id='word_1_395' title='bbox 392 4089 560 4149; x_wconf 75' lang='lat' dir='ltr'><strong>instruxerat,</strong></span> <span class='ocrx_word' id='word_1_396' title='bbox 579 4089 691 4139; x_wconf 88' lang='lat' dir='ltr'><strong>nondum</strong></span> <span class='ocrx_word' id='word_1_397' title='bbox 732 4090 824 4153; x_wconf 74' lang='lat' dir='ltr'><strong>proelio</strong></span> <span class='ocrx_word' id='word_1_398' title='bbox 843 4085 981 4148; x_wconf 85' lang='lat' dir='ltr'><strong>cecidisse,</strong></span> <span class='ocrx_word' id='word_1_399' title='bbox 1000 4088 1025 4136; x_wconf 91' lang='lat' dir='ltr'><strong>io</strong></span> <span class='ocrx_word' id='word_1_400' title='bbox 1047 4099 1098 4150; x_wconf 89' lang='lat' dir='ltr'><strong>quo</strong></span> <span class='ocrx_word' id='word_1_401' title='bbox 1118 4085 1259 4137; x_wconf 84' lang='lat' dir='ltr'><strong>Herculem</strong></span> 
     </span>
     <span class='ocr_line' id='line_1_44' title="bbox 169 4159 1152 4228; baseline 0 -16"><span class='ocrx_word' id='word_1_402' title='bbox 169 4163 199 4212; x_wconf 87' lang='lat' dir='ltr'><strong>sd</strong></span> <span class='ocrx_word' id='word_1_403' title='bbox 209 4177 297 4214; x_wconf 80' lang='lat' dir='ltr'><strong>menos</strong></span> <span class='ocrx_word' id='word_1_404' title='bbox 312 4169 418 4214; x_wconf 85' lang='lat' dir='ltr'><strong>rentum</strong></span> <span class='ocrx_word' id='word_1_405' title='bbox 433 4171 500 4227; x_wconf 81' lang='lat' dir='ltr'><strong>erut,</strong></span> <span class='ocrx_word' id='word_1_406' title='bbox 515 4171 546 4212; x_wconf 88' lang='lat' dir='ltr'><strong>ut</strong></span> <span class='ocrx_word' id='word_1_407' title='bbox 557 4166 693 4228; x_wconf 86' lang='lat' dir='ltr'><strong>sequentia</strong></span> <span class='ocrx_word' id='word_1_408' title='bbox 732 4164 855 4214; x_wconf 87' lang='lat' dir='ltr'><strong>ludorum</strong></span> <span class='ocrx_word' id='word_1_409' title='bbox 867 4160 969 4227; x_wconf 86' lang='lat' dir='ltr'><strong>quidem</strong></span> <span class='ocrx_word' id='word_1_410' title='bbox 979 4176 1023 4211; x_wconf 89' lang='lat' dir='ltr'><strong>rex</strong></span> <span class='ocrx_word' id='word_1_411' title='bbox 1034 4159 1152 4212; x_wconf 80' lang='lat' dir='ltr'><strong>fudisset.</strong></span> 
     </span>
     <span class='ocr_line' id='line_1_45' title="bbox 170 4240 695 4306; baseline 0.002 -16"><span class='ocrx_word' id='word_1_412' title='bbox 170 4240 385 4304; x_wconf 77' lang='lat' dir='ltr'><strong>pirrumsaciuut.</strong></span> <span class='ocrx_word' id='word_1_413' title='bbox 403 4241 695 4306; x_wconf 75' lang='lat' dir='ltr'><strong>Ergo‘puqurmciere&#39;</strong></span> 
     </span>
    </p>
   </div>
   <div class='ocr_carea' id='block_1_10' title="bbox 0 0 1545 4892">
    <p class='ocr_par' dir='ltr' id='par_1_10' title="bbox 0 0 1545 4892">
     <span class='ocr_line' id='line_1_46' title="bbox 0 0 1545 4892; baseline 0 0"><span class='ocrx_word' id='word_1_414' title='bbox 0 0 1545 4892; x_wconf 95' lang='lat' dir='ltr'><strong> </strong></span> 
     </span>
    </p>
   </div>
  </div>
 </body>
</html>
