3025 4892
305 384 372 452 ⁷42
543 403 579 462 o.
601 400 733 451 ounsu
757 401 846 452 eurr
872 403 942 452 nra.
965 401 1004 452 x.
1026 403 1110 452 css.
1129 388 1162 453 2.

307 543 458 615 attinetur,
470 559 524 624 per
542 557 657 602 summa
677 541 791 603 scelera
812 550 901 621 atque
920 541 1032 622 flagitia
1054 543 1084 602 in
1097 542 1300 622 provinciales
1314 560 1398 608 exsr-

307 649 442 708 ruerant,
463 648 626 700 ceterorum
647 647 759 700 metum
781 637 965 700 intenderat:
987 641 1019 700 2.
1039 637 1133 718 quiin
1148 639 1268 719 paribus
1280 639 1400 702 delictis

307 735 386 795 idem
400 733 595 795 admissorum
616 736 769 814 premium
783 743 986 814 expectantes,
1008 734 1038 794 in
1058 735 1303 796 mercenariorum
1323 737 1402 798 mili·

306 842 370 890 tum
384 829 473 890 fidem
486 829 707 910 confugiebant,
722 831 839 890 illorum
853 831 999 903 manibus,
1011 831 1036 890 si
1050 831 1089 890 ed
1103 831 1281 910 supplicium
1294 849 1401 911 posce-

306 938 417 998 rentur,
431 926 558 986 salutem
570 945 656 988 suam
665 927 789 987 tutaturi
801 945 810 995 t
825 938 879 988 aut
891 927 1017 1007 petuma
1028 935 1141 1006 quante
1155 937 1270 1006 poterat
1282 939 1401 1000 coacte,

306 1024 408 1102 fugam
421 1021 545 1084 inibant.
588 1025 618 1083 ³.
640 1023 685 1082 Es
703 1042 734 1084 re
755 1022 877 1102 cognite
889 1022 982 1084 literne
996 1021 1035 1082 ad
1048 1041 1151 1084 omnes
1165 1023 1245 1084 Asiae
1258 1035 1401 1104 prretores

307 1117 409 1178 missa
423 1127 503 1189 sunt,
516 1117 625 1196 quibus
639 1118 781 1197 inspectis
792 1124 828 1178 ‘e
841 1117 967 1197 vestigio
980 1135 1084 1178 omnes
1098 1118 1266 1198 peregrinos
1280 1119 1403 1191 milites,

308 1213 360 1291 qui
373 1211 522 1292 stipendia
535 1214 591 1272 snb
604 1214 676 1294 ipsis
692 1214 834 1286 iacerent,
848 1212 1011 1276 dimittere’
1025 1213 1235 1292 jubebantur?¹
1275 1217 1307 1275 4.
1329 1213 1404 1274 Erat

306 1307 384 1369 inter
407 1326 460 1368 eos
482 1307 642 1388 Harpalus,
663 1297 750 1388 quem
775 1308 954 1382 Alexander,
968 1308 1049 1388 quod
1071 1309 1109 1368 ob
1132 1309 1223 1390 ipsius
1241 1309 1403 1372 tumidum

308 1403 378 1464 oiim
392 1402 560 1483 stilippo
583 1403 696 1484 ejecta
718 1404 817 1465 solum
837 1405 985 1478 vertisset,
997 1405 1074 1466 inter
1086 1404 1247 1466 fidissimos
1259 1403 1403 1478 babebat,

307 1500 339 1560 et
361 1512 431 1578 post
453 1499 559 1559 Marcei
583 1511 705 1560 mortem
726 1501 856 1582 camapio
869 1501 1042 1582 Babyloniae
1063 1499 1234 1574 donaverat,
1248 1500 1404 1560 thesauro·

307 1614 430 1672 rumque
444 1593 588 1655 custodite
603 1593 799 1674 prefecerat·
840 1596 871 1656 5.
894 1595 1032 1674 inigitur
1053 1615 1119 1655 curn
1142 1593 1291 1666 fiduciam,
1312 1614 1404 1674 quam

307 1691 337 1749 in
352 1691 582 1769 propensissime
595 1690 672 1770 regis
687 1689 783 1770 gratia
799 1689 908 1750 bebere
920 1699 1048 1769 poteret,
1061 1688 1264 1768 magnitudine
1276 1689 1406 1768 flagitio-

309 1804 371 1844 rum
386 1786 610 1858 consumsisset,
629 1785 760 1865 quinque
779 1784 956 1846 talentorum
975 1785 1066 1845 miilia
1083 1805 1121 1844 ex
1135 1805 1208 1864 gaze
1221 1783 1302 1863 regia
1316 1785 1405 1863 repit.

309 1879 517 1959 conductaque
538 1900 592 1940 sex
611 1879 735 1940 millium
747 1879 993 1940 mercenariorum
1014 1897 1114 1954 manu,
1128 1879 1156 1938 in
1172 1879 1319 1958 Europam
1334 1899 1407 1940 eva·

311 2071 527 2150 desperataque
553 2071 634 2150 apud
658 2091 757 2151 regem
775 2071 874 2145 venia,
896 2057 1039 2132 adversus
1061 2072 1134 2131 iram
1147 2069 1242 2150 ipsius
1255 2070 1286 2129 in
1300 2068 1408 2130 alienis

310 2165 416 2246 opibus
429 2165 592 2225 subsidium
604 2165 828 2245 circumspicere
839 2177 1007 2246 cmperstst
1021 2175 1052 2226 et
1061 2165 1269 2236 Athenienses,
1280 2183 1409 2244 quorum

310 2282 372 2323 non
383 2260 630 2322 contemnendam
648 2261 823 2342 potentiam,
835 2273 868 2320 et
881 2259 959 2341 apud
975 2272 1089 2322 ceteros
1105 2261 1229 2320 Graecos
1243 2259 1409 2320 auctorita·

309 2369 382 2429 tem,
396 2367 459 2416 tum
472 2358 622 2418 occultum
635 2358 666 2416 in
680 2357 864 2417 Macedonas
889 2356 990 2416 odium
1010 2365 1106 2428 norat,
1126 2354 1230 2416 sedulo
1248 2355 1410 2417 coluerat«

298 2457 342 2513 ⁴7.
365 2453 469 2531 Itaque
488 2473 571 2532 spem
591 2453 653 2513 suis
667 2452 805 2524 iaciebat,
825 2457 835 2487 ‘
850 2451 1046 2512 Athenienses
1061 2451 1189 2510 adventu
1205 2469 1259 2510 suo
1273 2451 1411 2528 cognito,

311 2548 462 2626 copiisque
488 2557 520 2607 et
539 2547 673 2626 pecuniis
694 2567 769 2627 quas
792 2545 954 2606 adduceret
976 2565 1074 2606 coram
1096 2545 1246 2626 inspectis,
1270 2543 1411 2624 protinus

313 2661 394 2701 erma
407 2641 590 2720 consiliaque
605 2643 770 2702 sociaturos
785 2639 873 2701 esse!
903 2640 981 2700 Nem
995 2641 1074 2721 apud
1085 2639 1225 2720 populum
1240 2639 1412 2719 imperitum

312 2747 344 2795 et
357 2736 505 2809 mobilem,
525 2756 578 2816 per
601 2738 734 2799 homines
759 2737 907 2815 improbos
926 2746 957 2796 et
972 2735 1095 2797 avaritia
1108 2735 1239 2808 venales,
1259 2735 1362 2796 omnin
1377 2755 1412 2796 se

314 2831 485 2892 muneribus
498 2845 726 2895 consecuturum
740 2833 950 2894 existimabat?

359 3009 399 3055 rr.
428 2993 460 3057 l.
473 2993 579 3076 igitur
592 2995 724 3077 triginta
737 2995 882 3061 navibus
894 2994 1036 3060 Sunium
1052 2995 1316 3078 transmittunt2⁸
1328 3013 1415 3078 pro-

770 3141 949 3164 ΝΟΜΟΜΙΟ

348 3225 361 3270 1
379 3219 451 3272 Pitb.
462 3219 560 3272 omittit
570 3221 675 3274 moa.
691 3224 800 3278 vassa,
812 3231 841 3277 st
851 3225 909 3276 Pel.
920 3228 945 3278 t.
956 3223 1062 3276 dmm.
1086 3221 1202 3274 Florent.
1210 3219 1282 3271 leid.
1292 3229 1320 3271 et
1331 3219 1416 3274 Voss.

808 3367 915 3420 NOTAE

347 3473 366 3499 ¹
382 3466 496 3515 curt.x.
511 3468 536 3514 l.
553 3467 579 3514 Θ.
612 3465 685 3516 rtur.
703 3479 764 3531 cup.
784 3468 841 3516 rtr.
881 3470 943 3530 quot
966 3477 982 3514 e
1003 3463 1072 3523 suist
1100 3475 1158 3511 nsnr
1183 3462 1289 3521 milites,
1314 3465 1418 3516 satren

316 3537 422 3588 Diodor.
433 3541 571 3589 xviam.
881 3553 1018 3603 usgnsex
1030 3543 1112 3602 perte.
1124 3537 1156 3585 sd
1171 3537 1309 3586 Tanarum
1330 3539 1420 3591 isaca-

347 3621 361 3648 ¹
376 3615 568 3677 Ptut.csp.lo.
881 3613 932 3663 nise
954 3603 1153 3677 promontorium
1172 3613 1324 3676 reliquerat,
1353 3615 1419 3666 Dio-

348 3697 361 3724 ⁰
377 3689 447 3738 Plut.
463 3702 488 3738 c.
506 3691 548 3736 74.
581 3686 744 3740 Armenta.
764 3695 842 3741 nat.
881 3689 945 3739 doro
960 3697 1038 3740 teste.
1065 3687 1227 3750 Prostanna]
1246 3687 1420 3742 Inestreme

315 3763 450 3814 namt.
483 3759 739 3812 ntodmvumos
882 3766 980 3828 Attice,
1004 3765 1153 3829 oppositum
1179 3763 1271 3812 'lbera
1299 3765 1420 3818 insutu:

349 3847 362 3880 ν
378 3837 522 3889 Atbennus
533 3840 632 3886 urna.
880 3841 957 3891 bodie
970 3843 1035 3904 esp·
1049 3841 1110 3890 seta
1126 3841 1229 3888 esban.
1253 3840 1303 3888 Est
1321 3849 1421 3894 utens

348 3925 362 3959 ⁴¹
378 3914 488 3966 Diodor.
500 3927 573 3964 xrrr.
585 3919 642 3965 1⁰8.
881 3915 973 3966 Attice
984 3915 1102 3966 Hettsdts
1115 3915 1170 3965 sire
1181 3915 1294 3964 uncte
1306 3919 1424 3982 proprie

348 3990 506 4042 'i’intsrcb⁸
517 3990 599 4040 Ptoe.
615 4007 673 4055 cap.
689 3997 732 4046 28.
751 4001 779 4044 et
790 3995 841 4044 De·
881 3991 959 4041 dicta
978 3991 1137 4040 nobilissima
1157 4004 1226 4053 pars,
1247 3988 1273 4037 in
1296 3999 1426 4046 extrema

316 4067 411 4115 snostb.
430 4061 489 4127 cip.
505 4068 545 4114 ts.
577 4065 673 4117 dostia.
693 4080 757 4118 rrrr.
776 4075 800 4117 ⁵.
816 4071 843 4117 7.
881 4067 1019 4131 peninsuts
1036 4079 1112 4130 quem
1129 4066 1179 4114 dao
1196 4063 1375 4128 &eiusne
1387 4071 1424 4120 si.

319 4139 468 4188 Dinarcbus
478 4145 569 4188 eontra
579 4139 713 4192 Denrostb⁸
882 4160 930 4196 uns
946 4143 1073 4206 efficiunt,
1090 4144 1227 4194 demicus
1246 4149 1274 4192 et
1291 4145 1425 4213 Euripus.

350 4220 363 4246 ¹
374 4211 564 4291 ,ΜΝ
582 4213 713 4281 Harpalus
730 4229 789 4270 mm
799 4219 844 4270 ali·
883 4221 954 4272 Urbs
970 4221 1101 4286 primaria,
1117 4219 1185 4270 unde
1201 4219 1301 4284 regium
1320 4235 1426 4276 nomen
