3025 4892
238 337 303 404 662
443 355 477 416 o.
500 353 632 404 curru
658 355 750 404 nurr
775 355 848 405 arn.
873 355 955 404 rur.
978 357 1059 405 cnr.
1081 343 1135 408 14.

240 499 333 582 prius
348 497 381 562 in
395 504 482 564 terra
497 506 675 566 statuerent
690 520 816 579 arcum,
828 501 918 567 haud
933 502 1017 567 satis
1028 509 1108 586 apte
1117 509 1152 568 et
1162 499 1337 568 commode

240 601 462 684 imponuntur.
494 602 580 668 Tum
597 604 696 668 humo
713 604 853 683 lubrica,
870 613 903 670 et
917 608 962 670 ob
975 606 1009 670 id
1020 605 1220 690 impediente
1235 625 1338 671 oona·

239 709 322 777 tum,
335 702 508 768 molientes
519 703 629 768 ictus‘
645 707 818 770 celeritate
828 707 975 771 hostium
990 709 1254 792 occupabantur.
1281 709 1338 772 2⁰.

241 803 331 884 Ergo
345 809 458 887 spreto
472 807 559 886 regis
575 807 726 890 imperio,
742 809 845 891 (quod
858 809 928 873 iere
942 809 990 886 tit,
1003 810 1062 874 nbi
1074 810 1214 874 turbatis
1227 811 1339 874 acrius

241 913 353 970 metus
365 907 545 989 quamdux
561 909 726 991 imperare
741 909 877 996 coepit‚)
897 910 1034 976 totidern
1049 917 1147 976 erant
1160 913 1340 995 imperato-

241 1025 305 1083 res,
319 1015 404 1091 quot
416 1009 551 1090 agmina
562 1011 736 1076 errabant:
760 1011 814 1076 21.
832 1012 920 1075 alius
939 1015 950 1046 ‘
957 1011 1095 1096 jungere
1111 1011 1239 1089 aciem‚'
1254 1012 1341 1076 alius

242 1108 412 1174 ‘dividere
423 1108 451 1190 3'
472 1111 604 1174 ‘stare'
626 1112 773 1194 quidam,
790 1120 823 1178 et
836 1113 987 1178 nonnulli
1009 1113 1232 1178 ‘circumvehi
1247 1119 1342 1195 terga

243 1209 405 1276 hostium’
426 1209 611 1293 jubebant:
640 1213 724 1277 nihil
751 1214 788 1276 in
814 1213 958 1276 medinm
982 1214 1245 1278 consulebatur!
1286 1213 1341 1278 22.

244 1310 352 1376 Porus
368 1321 482 1378 menen
497 1333 573 1378 cum
588 1315 716 1397 paucis,
732 1315 855 1398 quihus
870 1323 961 1380 metn
979 1316 1090 1398 potior
1102 1317 1210 1380 tuerat
1223 1313 1340 1398 pudor,

243 1413 403 1496 colligere
418 1413 599 1497 dispersos,
614 1417 735 1480 obvius
747 1415 836 1480 hosti
851 1417 899 1481 ire
914 1418 1032 1500 porgit,
1057 1417 1342 1499 ‘elephantosque

245 1525 320 1582 ante
336 1535 453 1598 agmen
469 1537 603 1582 suorum
619 1517 694 1600 agi'
716 1519 823 1600 jubet.
867 1519 921 1583 23.
946 1517 1109 1600 Magnum
1123 1519 1245 1582 belluae
1262 1517 1344 1600 inje-

245 1639 322 1683 cere
345 1627 520 1699 terrorem;
543 1619 766 1702 insolitusque
788 1621 908 1684 stridor
928 1637 995 1683 non
1017 1639 1124 1704 equos
1145 1620 1257 1696 modo,
1273 1627 1344 1684 tam

246 1719 406 1803 pavidum
421 1719 591 1786 adomnia
606 1722 743 1799 animal,
755 1722 814 1785 sed
827 1723 919 1785 viros
931 1741 1062 1805 qnoque
1071 1721 1268 1805 ordinesque
1276 1727 1344 1786 tur-

245 1824 392 1887 baverat.
436 1823 490 1887 24.
503 1822 526 1887 J
529 1843 581 1886 am
595 1823 684 1904 iugae
696 1823 1012 1905 circumspiciebant
1025 1823 1137 1886 locum
1153 1822 1255 1903 paulo
1267 1830 1345 1886 ante

247 1924 415 2002 victores3
438 1943 515 1986 cum
530 1924 724 1988 Alexander
739 1923 907 2005 Agrianos
922 1933 956 1987 et
968 1923 1138 1988 Thracas*
1160 1923 1277 1988 leviter
1293 1945 1345 1989 ar·

247 2032 368 2100 matos,
398 2023 567 2087 meliorem
595 2027 853 2088 concursatione
883 2043 986 2107 quam
1014 2025 1164 2089 cominus
1186 2024 1347 2104 militem,·'

247 2125 359 2190 emisit
380 2124 414 2188 in
438 2123 579 2188 belluas.
623 2123 676 2189 25.
703 2124 875 2206 lugentem
896 2125 929 2188 hi
952 2125 1021 2188 vim
1043 2124 1181 2188 telorum
1201 2123 1345 2207 injecere

248 2233 284 2288 et
308 2223 509 2309 elephantis,
532 2231 564 2290 et
585 2227 776 2308 regentibus
799 2244 879 2290 eos:
904 2225 1052 2308 phalanx
1074 2243 1205 2309 quoqne
1220 2224 1346 2291 instare

249 2331 437 2392 constanter
458 2327 578 2390 territis
599 2328 714 2410 coepit.
756 2326 811 2393 26.
832 2326 900 2391 Sed
919 2326 1057 2408 qnidam
1080 2326 1211 2390 avidius
1233 2345 1347 2409 perse-

282 2528 296 2561 1
316 2521 382 2570 Dum
391 2521 495 2581 sagittar
503 2521 528 2570 irr
539 2521 626 2570 hortem
638 2521 768 2570 destinant.

261 2621 263 2626 .
285 2581 298 2615 Α
316 2585 387 2634 Nitit
397 2584 616 2634 communicantia
628 2585 803 2634 cremebatur.

285 2647 293 2680 ¹
308 2648 437 2710 Aptiorem
446 2647 580 2698 velitationi
590 2650 701 2712 mauri,
712 2664 781 2712 quau
788 2663 877 2711 pugno
886 2650 1004 2699 steterim

711 2791 876 2811 mmo
879 2791 894 2810 O

253 2895 281 2938 ct
299 2890 380 2939 Both.
399 2891 520 2954 manunt
531 2905 577 2953 pro
588 2891 748 2954 imputemur,
765 2891 833 2954 quod
846 2895 976 2941 testantur
988 2890 1063 2938 Voss.
1076 2893 1099 2937 1.
1110 2891 1135 2937 1.
1151 2893 1179 2936 et
1197 2887 1280 2948 Bong.
1290 2889 1315 2936 1.
1325 2890 1350 2936 2.

253 2955 312 3002 Tm
323 2956 438 3018 expungi
452 2955 533 3003 voluit
546 2955 662 3004 Fretnrh.
673 2958 784 3004 metiente
795 2955 987 3004 romariorum
1004 2954 1079 3001 Voss.
1094 2956 1118 3001 1.
1135 2955 1275 3013 campester
1291 2949 1352 3000 Flo·

254 3027 320 3066 rent.
342 3016 415 3068 Laid.
436 3019 510 3067 Vera.
524 3023 581 3068 11.
600 3018 660 3068 Ald.
680 3019 748 3067 Mer.
772 3018 829 3066 Col.
851 3027 879 3068 et
900 3017 1025 3068 Bae-nr
1043 3017 1157 3065 Floreat.
1174 3014 1352 3077 neemiam.

254 3081 325 3130 Prth.
334 3081 405 3141 jeter
417 3096 463 3146 pro
474 3082 664 3142 jubebant-22
681 3087 688 3110 ⁸
701 3082 871 3132 scribendum
884 3083 985 3145 perire:
1002 3080 1190 3130 aamercort
1200 3080 1235 3127 ire
1252 3077 1353 3141 pergit!

255 3146 415 3196 Bothe-2³
433 3145 493 3197 Alo.
508 3146 619 3196 lemtim
634 3146 735 3206 ahion.
753 3148 847 3196 omino
867 3162 919 3210 que.
951 3142 1079 3195 scheller.
1097 3157 1149 3193 non
1168 3142 1272 3192 dubitat
1288 3143 1352 3206 quin

255 3210 359 3260 Certior
380 3211 529 3274 scripseritr
546 3216 596 3260 tour
613 3212 832 3276 inpactum-2⁴
848 3211 964 3260 Floreat.
984 3209 1055 3259 incid.
1073 3210 1147 3257 Voss.
1165 3211 1189 3255 1.
1209 3215 1238 3255 et
1256 3207 1314 3257 Pet.
1329 3212 1352 3254 1.

255 3273 366 3324 Trochus.
400 3276 517 3326 Floreat.
529 3275 603 3326 leid.
616 3277 692 3324 Voss.
704 3279 764 3324 1.1.
781 3275 866 3337 Bong.
885 3284 913 3324 et
924 3275 993 3324 Mar.
1003 3273 1098 3323 ntor«
1105 3289 1115 3331 ,-
1132 3271 1190 3322 Ρι1.
1203 3275 1225 3319 1.
1237 3272 1355 3320 metim.

256 3339 328 3388 Pith.
340 3339 436 3389 omittit
446 3339 618 3389 militm-25
637 3340 750 3389 Florem.
763 3338 925 3388 1111111.
939 3343 962 3387 1.
973 3340 999 3386 1.
1017 3339 1100 3400 Bong.
1114 3341 1137 3386 1.
1148 3339 1173 3384 1.
1192 3344 1219 3382 et
1240 3335 1308 3384 Mer.
1328 3335 1355 3382 tri

255 3402 378 3452 eim-26
395 3403 463 3456 Mer.
480 3405 529 3454 Scri
548 3405 649 3468 quidem.
684 3403 759 3452 Voss.
780 3407 803 3451 1.
819 3403 910 3452 cridae.
945 3401 1022 3452 Voss.
1040 3406 1065 3452 2.
1089 3400 1256 3450 irritaverunt.
1300 3398 1354 3448 Pro

750 3547 857 3600 NOTAE

289 3665 432 3726 'Agrium
451 3670 476 3714 et
497 3662 612 3726 Thracus]
629 3662 723 3726 arguit
735 3663 785 3711 Ro·
826 3669 994 3725 eomtstcap.
1006 3663 1030 3709 1.
1042 3660 1088 3710 111.
1100 3673 1141 3710 rx.
1173 3658 1251 3708 Adde
1268 3659 1314 3708 lib.
1329 3673 1356 3712 r.

256 3747 349 3796 derum
362 3743 553 3792 Freinshemius
569 3739 636 3805 quod
653 3739 717 3788 istos
728 3752 786 3787 erse
826 3750 884 3800 cup.
901 3741 924 3785 1.
942 3744 970 3785 ot
986 3735 1125 3784 Attianum
1143 3735 1188 3784 tib.
1203 3748 1244 3784 vr.
1260 3747 1320 3796 cup.
1330 3739 1356 3784 8.

256 3822 391 3886 putauerit
410 3820 453 3883 qni
470 3818 539 3881 apud
557 3817 694 3867 Arrianum
715 3813 786 3863 missi
827 3809 1283 3876 thuodnitcurtiurr‘meliorem
1295 3823 1358 3858 oon·

256 3899 378 3947 dicantar
400 3894 432 3943 uh
455 3892 606 3943 Alexandro
628 3888 788 3953 lumitate,
828 3888 976 3938 comotione
997 3902 1073 3952 quarn
1095 3885 1210 3935 caminos
1228 3886 1359 3944 militam

148 4021 151 4026 .
242 3978 375 4038 ‚munirer
389 3969 526 4032 sagittarii:
538 3970 634 4034 qnippe
649 3975 743 4015 neutra
754 3980 788 4014 ex
827 3965 892 4012 satir
903 3964 1001 4014 indicat
1012 3965 1115 4027 equites
1125 3963 1255 4011 extitisse.
1280 3963 1360 4014 Quod

258 4058 337 4114 gente
350 4048 452 4110 equites
465 4044 554 4095 tlrlnre.
588 4044 686 4092 Verum
698 4050 728 4091 nt
738 4044 788 4091 hoc
826 4039 849 4088 ol
865 4040 979 4089 Threces
995 4045 1079 4096 orant,
1094 4051 1201 4088 necem
1216 4045 1259 4086 est
1274 4036 1359 4088 tuisse

258 4125 292 4174 de
303 4121 420 4185 Agrisnlr
432 4121 525 4185 aliquio
542 4118 677 4181 concedet,
693 4115 786 4168 latrum
827 4123 855 4165 et
866 4114 1011 4178 Agrianos:
1024 4116 1111 4180 itaque
1120 4115 1227 4178 accepit
1238 4113 1360 4163 Gallicus

258 4199 362 4263 quidem
374 4211 431 4248 erae
440 4197 473 4246 de
487 4194 630 4246 Threcibus
641 4194 682 4244 rel
695 4208 727 4244 ex
736 4207 787 4242 uno
827 4192 969 4257 Interprer.
