3025 4892
248 342 314 406 632
465 362 498 420 Q.
523 359 653 410 courir
679 360 769 410 nort
794 361 869 411 ara.
894 364 977 410 νιιι.
1000 365 1083 413 oar.
1103 349 1137 414 9.

250 517 358 582 aquas
371 497 517 566 creduut.
561 500 614 566 lo.
636 501 741 566 Terra
761 501 821 566 lini
844 502 956 582 lemn
978 503 1066 568 unde
1089 503 1256 588 plerisque
1270 514 1350 570 sunt

251 607 373 666 vestes.
418 601 510 668 Itibri
535 603 712 668 tuborumq
736 604 850 680 teneri,
864 604 952 668 haud
967 625 1067 669 secus
1086 626 1188 689 qoem
1208 607 1348 685 chartae,

248 703 416 766 literarum
431 710 528 768 notes
544 704 705 787 capiunt!
734 705 786 770 16.
801 705 913 770 Aves¹
929 706 972 770 ed
983 706 1180 771 imitandum
1191 707 1347 772 humanus

251 805 345 868 vocis
360 823 478 868 sonum
493 804 619 870 dociles
633 812 719 870 suut.
764 804 937 871 Animalia
958 807 1121 872 inusitata
1139 810 1257 873 ceteris
1270 829 1350 892 gen·

251 905 355 982 tibus,
370 905 435 968 nisi
451 905 594 970 invecta.
639 906 765 971 Eadem
778 915 867 973 terra
882 917 916 973 et
930 909 1175 974 rhinocerotes·
1196 911 1267 989 ulit,
1278 930 1348 974 non

249 1007 406 1088 generet.t
448 1007 501 1070 17.
523 1007 786 1090 Elephantorum
811 1009 916 1093 major
937 1014 989 1074 est
1007 1011 1072 1085 vis,
1093 1029 1192 1094 quum
1206 1029 1294 1094 quos
1309 1013 1345 1075 in

251 1107 368 1170 Africa
383 1107 558 1184 domitant,
572 1117 606 1172 et
621 1110 747 1173 viribus
763 1111 952 1192 magnitudo
966 1111 1157 1193 respondet.
1201 1113 1253 1176 18.
1275 1112 1350 1176 Au·

251 1227 322 1271 rum
347 1208 513 1272 flumineu
536 1210 672 1288 vehunt,
698 1231 774 1294 quae
795 1210 861 1276 leni
882 1211 1085 1296 modicoque
1106 1213 1206 1297 lepsu
1229 1231 1348 1296 segnes
1369 1233 1376 1253 ⁴

251 1365 514 1482 dahthhoouddoedmm
531 1375 613 1419 cortex
630 1371 751 1420 literarum
765 1368 913 1419 characteres
930 1371 1057 1434 mamiptor
1069 1372 1186 1434 αᾰιιιίιιίι,
1202 1371 1350 1434 punctim·

251 1605 313 1654 edd.
326 1607 443 1670 Erythro.
476 1608 551 1657 Voss.
562 1611 587 1657 ἱ.
598 1608 714 1658 indicium
722 1615 833 1658 eat-lb
852 1610 909 1659 Pal·
921 1615 945 1659 l.
965 1611 1018 1660 litat*
1029 1611 1111 1669 ferar·
1145 1609 1218 1659 beid.
1229 1609 1300 1658 lihesi
1308 1623 1350 1658 ur·

252 1670 342 1719 boram.
376 1671 448 1720 Laid.
459 1677 488 1720 et
500 1672 574 1720 Voss.
586 1676 610 1721 2.
622 1679 715 1729 cortu
731 1673 803 1724 Pith.
819 1679 887 1732 ναίω
913 1675 1008 1724 Fauclt.
1019 1679 1099 1731 certs5
1115 1673 1176 1722 edd.
1189 1674 1276 1736 rulgg.
1289 1681 1351 1722 anta

254 1733 350 1781 Fench.
367 1749 442 1794 cerae,·
465 1736 580 1786 Floreat·
591 1736 664 1786 Voss.
687 1741 709 1786 Ι.
730 1737 788 1786 Pal.
807 1741 830 1786 l.
849 1739 914 1789 Dan.
925 1746 954 1788 et
965 1740 1033 1788 hier.
1050 1739 1215 1786 choum—lb
1231 1737 1306 1786 Voss.
1324 1741 1351 1787 2.

251 1811 332 1844 must
342 1799 413 1848 meis.
445 1799 521 1849 Voss.
535 1800 795 1850 hiasirttutocetcrir.
828 1800 904 1850 Voss.
919 1806 944 1850 2.
957 1802 998 1850 sti
1013 1804 1113 1851 insecta.
1146 1801 1262 1850 Florent.
1277 1799 1351 1849 Leid.

252 1869 280 1908 et
290 1862 367 1911 Voss.
385 1867 407 1912 l.
418 1867 442 1912 2.
454 1864 577 1914 omittunt
586 1870 610 1912 ct
621 1871 681 1912 suta
693 1864 871 1922 rttmemtm
895 1864 973 1913 iidem
991 1871 1019 1913 et
1034 1867 1101 1914 Dan.
1117 1865 1350 1914 ememtes-rt

253 1925 327 1973 Voss.
338 1931 363 1974 2.
375 1927 472 1990 Affiica
484 1934 512 1976 ut
524 1931 700 1991 tempere-18
717 1927 778 1976 ΑΜ.
789 1927 874 1977 celin.
885 1929 987 1993 Gryph.
999 1930 1076 1981 Frob.
1094 1929 1162 1979 Mar·
1178 1930 1241 1978 Bas.
1255 1928 1311 1979 Col.
1322 1935 1352 1977 et

744 2055 853 2105 NOTAE

252 2147 781 2213 Joa,Barrio,OdoardoBarbosae,Fren·
853 2151 954 2216 ΤΔικι]
969 2151 1079 2214 Psittaci
1097 2155 1167 2213 sunt,
1185 2151 1218 2200 de
1240 2163 1350 2215 quorum

254 2224 320 2274 celio
347 2223 415 2287 apud
443 2225 618 2275 Becmauuum
646 2227 679 2276 de
706 2227 781 2290 0153.
823 2228 899 2277 variis
910 2228 1047 2292 generibus
1064 2225 1142 2274 habet
1159 2224 1228 2288 apud
1239 2223 1351 2275 Aldrou·

253 2299 781 2362 Ling.Lat.invoce‘Erythrraum;'haud
823 2302 917 2352 andum
937 2304 1046 2367 plurima
1064 2303 1091 2351 iu
1110 2299 1290 2363 Omithologia
1304 2300 1351 2348 lib.

253 2383 339 2424 tameo
351 2375 414 2425 satis
426 2374 517 2425 idonea
535 2377 592 2427 lrrec
610 2376 782 2428 videturesse
823 2391 863 2428 at.

253 2453 313 2501 talis
338 2451 541 2502 nomenclatura
563 2453 639 2503 rstlo.
678 2453 782 2518 Alioqui
852 2451 1052 2513 'libiammtutJ
1063 2450 1221 2500 Rhinoceros
1232 2446 1295 2498 fera
1306 2463 1352 2513 ge·

253 2541 304 2577 non
314 2528 397 2577 minua
412 2527 495 2576 viride
507 2529 626 2578 albumve
638 2528 688 2578 dici
700 2528 781 2580 dehu-
822 2543 869 2578 not
889 2534 931 2578 est
948 2528 981 2576 ab
999 2528 1055 2591 ipra
1074 2541 1102 2574 re
1119 2527 1350 2576 uomcn·aortittrrn

210 2662 216 2670 ι
253 2609 322 2661 erut,
338 2615 396 2652 curn
413 2601 489 2650 variis
511 2616 612 2668 qnoque
632 2604 696 2652 locis
712 2618 782 2654 nnnc
821 2602 1113 2668 praemonendum
1122 2599 1351 2664 mamm-qood

254 2679 359 2740 virides,
370 2692 439 2728 nunc
455 2679 558 2728 candidi
570 2679 649 2744 lapilli
660 2681 782 2730 herbata
822 2681 846 2728 ei
863 2693 898 2728 ex
917 2679 1020 2728 naribus
1035 2691 1115 2727 corno
1132 2675 1273 2740 repandum
1292 2687 1353 2740 pto·

254 2759 401 2812 occurrant,
418 2759 447 2802 nt
461 2752 529 2802 idem
551 2761 664 2804 testatur
676 2756 782 2805 barrius
822 2754 919 2803 mineat
938 2753 1116 2816 magnitudine
1137 2765 1168 2800 ac
1185 2751 1280 2800 duritie
1295 2751 1352 2800 eal·

255 2831 322 2880 Dec.
337 2841 370 2878 ιι.
385 2828 430 2877 ttb.
448 2841 469 2878 r.
485 2833 580 2892 ειμι.
613 2830 783 2893 Qtropsriter
822 2829 909 2880 mlum.
941 2828 1085 2877 'bisantem
1101 2826 1197 2877 Graece
1213 2825 1352 2887 memmi·

254 2911 405 2968 argumento
417 2903 519 2952 refellas
530 2917 575 2954 eos
586 2905 629 2969 qni
641 2904 782 2956 aduertam
822 2923 874 2968 pas.
884 2920 957 2954 coras
965 2901 1101 2967 significat.
1134 2903 1217 2951 Paulo
1232 2902 1353 2965 superins

253 2979 475 3042 repercussionum
503 2978 620 3029 referunt
653 2980 781 3032 radiorum
823 2980 891 3029 aliud
904 2981 971 3043 gerit
987 2993 1038 3028 nou
1048 2991 1111 3028 sane
1128 2991 1255 3042 magnum,
1267 2977 1354 3041 iuquit

254 3057 375 3105 solarium
385 3055 510 3117 inaquam
523 3054 704 3105 incidentium:
723 3071 782 3106 cum
823 3057 974 3106 Pausanias.
1009 3055 1077 3105 Huic
1096 3055 1274 3104 assiduatum
1291 3053 1351 3103 Ele·

255 3129 409 3180 eandemob
427 3143 481 3179 rem
498 3131 784 3194 aquecoerniaunt,nl·
824 3134 922 3196 phante
939 3132 1007 3182 bella
1024 3131 1112 3181 ferunt
1129 3143 1195 3180 etse.
1227 3127 1296 3177 Vide
1307 3129 1354 3178 At·

255 3219 338 3270 grum,
361 3203 452 3258 viride.
470 3207 520 3254 dic.
539 3206 666 3268 appellari
686 3215 783 3270 posset,
823 3205 1217 3267 dronondum‚Gesnerum‚&c.

254 3297 306 3332 non
324 3283 373 3332 hoc
391 3281 467 3331 uredo
484 3280 633 3342 Arabicum.
650 3283 695 3332 ted
713 3284 783 3334 aliud
856 3279 1048 3344 thangmarus]
1061 3277 1354 3329 immorerounllama·

169 3395 173 3404 .
254 3358 444 3422 quodcumque.
820 3360 894 3423 Jores
917 3374 948 3408 nc
965 3358 1105 3408 ferociores
1126 3362 1243 3419 generet,
1267 3362 1297 3404 ut
1318 3369 1353 3405 ex

286 3431 783 3496 ⁴tIsidriosbortrur]Libertennitslurus
823 3437 912 3486 multis
939 3433 1087 3484 auctoribus
1114 3431 1192 3481 docet
1215 3429 1282 3480 idem
1306 3429 1353 3479 At·

254 3517 482 3574 estcortex,quenr
490 3517 590 3560 veteres
600 3510 632 3560 ad
641 3525 713 3561 usum
721 3512 782 3562 scri·
823 3510 977 3560 drottandos.
1015 3510 1067 3559 Sed
1092 3508 1169 3557 varia
1193 3505 1351 3556 sontiariis

254 3585 333 3636 bcudl
347 3585 427 3634 cartis
447 3585 580 3634 arboribus
599 3585 781 3649 detrahebant,
821 3586 887 3636 locis
905 3587 1093 3636 rhinocerotum
1104 3583 1213 3647 speclea,
1224 3581 1352 3644 maguitu-

255 3667 283 3710 et
304 3661 330 3709 in
359 3659 539 3708 minutissimas
557 3659 708 3710 dividebant
726 3662 782 3723 phi·
822 3663 895 3712 diues
907 3663 997 3713 varim.

255 3739 334 3801 lyras.
366 3735 524 3799 Hujusmodi
545 3735 618 3785 libris
642 3744 782 3800 compacta
853 3737 970 3787 'Aurum
974 3735 1090 3800 minino]
1100 3733 1218 3784 Celebris
1229 3729 1297 3795 apud
1311 3745 1354 3780 re·

255 3813 385 3861 volumius
406 3809 503 3860 ‘libri'
524 3825 627 3875 quoque
655 3812 782 3876 appellati
822 3819 893 3863 teres
911 3811 1045 3861 fluminum
1065 3807 1224 3874 quontndam
1242 3807 1352 3868 mentio,

255 3895 361 3938 snnlzet
372 3885 488 3951 quamvis
500 3885 607 3936 iuventa
619 3887 782 3948 postmodum
822 3901 880 3951 quta
899 3887 966 3935 iuter
986 3899 1075 3934 areum
1098 3884 1155 3932 aurl
1174 3880 1293 3946 quadem
1311 3893 1354 3929 ra·

255 3963 354 4023 charta,
382 3961 448 4012 idern
480 3974 573 4010 nomen
602 3963 781 4013 retinuerunt:
823 3967 910 4011 menta
931 3961 1032 4010 vexisse
1053 3959 1190 4017 dicuntum
1212 3956 1352 4005 utl’acto·

256 4038 324 4104 qnod
351 4039 435 4102 ipsum
456 4037 483 4086 ln
501 4036 625 4101 ‘papyri,'
650 4036 785 4100 ‘codicia'
823 4036 863 4086 los
891 4036 918 4083 in
941 4034 1035 4097 Lydia,
1053 4031 1145 4095 Tagus
1163 4032 1190 4080 in
1213 4029 1352 4093 Hispania,

254 4111 427 4176 ‘coloniola’
442 4112 551 4177 aliisque
568 4112 671 4163 vocibus
683 4112 781 4164 factum
823 4112 910 4163 Padus
932 4113 958 4161 iu
978 4112 1067 4171 ltalia,
1089 4109 1194 4172 Ganges
1216 4107 1242 4156 iu
1264 4107 1350 4167 India,

255 4196 304 4242 est.
823 4192 872 4240 &c
902 4187 1005 4241 Quibus
1024 4192 1147 4236 accenset
1165 4183 1271 4235 Curtios
1287 4183 1352 4232 altos
