3025 4892
295 365 362 428 rot
576 378 605 426 r.
628 375 883 427 ransasnassn
908 376 1038 428 suren.
1065 379 1104 428 sn

296 524 336 583 ad
349 521 537 601 Antipatrum
551 520 680 600 scriptis,
699 528 708 555 ⁴
725 520 875 582 Honorem
890 521 1019 582 emeritis
1040 521 1158 582 haberi’
1173 527 1326 604 pracepit,
1342 534 1394 588 ‘ut

296 619 413 699 quoties
426 615 490 676 ludi
504 629 592 696 atque
606 617 768 676 certamina
781 615 948 690 ederentur,
966 617 997 676 in
1015 619 1116 696 primis
1134 619 1288 680 ordinibus
1310 641 1394 682 coro·

296 716 360 776 nati
373 725 559 796 spectarent:
580 723 672 792 utque
686 715 750 773 fato
765 714 932 774 iunctorum
951 714 1045 787 liberi,
1064 719 1152 778 etiam
1174 718 1350 797 impuberes,
1367 721 1394 778 in

295 823 419 894 paterna
441 810 589 890 stipendia
614 809 829 870 succederent!
867 813 896 870 8.
919 811 1073 872 Gruterum
1094 813 1280 874 Macedoniae
1298 816 1394 875 couti·

296 909 495 988 uentibusque
516 907 688 987 regionibus
706 926 774 966 cum
794 906 917 986 imperio
930 907 1075 986 praessa’
1093 910 1222 988 placuit:
1245 917 1258 944 ‘
1269 911 1395 990 Antipa-

295 1013 373 1065 uum
386 1024 456 1065 cnm
470 1004 676 1088 supplemento
685 1001 837 1082 juniorum
851 1003 1052 1064 Macedonum
1062 1003 1102 1064 ad
1116 1025 1215 1084 regem
1230 1009 1395 1086 pergere.’s

295 1101 461 1160 Verebatur
473 1099 552 1159 enim
566 1117 604 1158 ue
617 1117 670 1178 per
683 1097 862 1158 discordiam
875 1097 1009 1177 preteeti
1021 1118 1090 1161 cnm
1104 1099 1282 1180 Olympiade
1295 1104 1394 1182 gravis

295 1195 398 1273 aliqua
410 1193 513 1255 clades
524 1195 716 1272 acciperetur.
756 1195 788 1255 9.
803 1194 881 1254 Nam
892 1195 1001 1254 multas
1012 1193 1050 1254 ad
1060 1195 1263 1257 Alexandmm
1273 1197 1391 1277 Episto-

296 1289 343 1350 las
357 1299 460 1363 mater,
473 1290 582 1352 multas
593 1289 748 1369 Antipater
764 1289 900 1357 miserate
916 1289 1104 1370 vicissimque
1119 1290 1192 1352 alter
1207 1293 1333 1354 alterum
1347 1313 1394 1356 ar·

296 1395 436 1466 roganter
449 1397 480 1447 et
495 1386 600 1446 acerbe
607 1385 750 1463 pleraque
759 1384 857 1445 iacere
871 1385 1192 1467 criminabantur,qnae
1202 1389 1241 1448 ad
1250 1387 1392 1461 dedecus,

296 1493 349 1542 ant
375 1482 584 1543 detrimentum
610 1481 700 1559 regias
727 1480 891 1560 majestatis
918 1482 1108 1559 pertinerent.
1158 1485 1206 1544 10.
1229 1483 1393 1564 Postquam

296 1578 375 1638 enim
389 1596 488 1637 rumor
501 1575 592 1636 occisi
609 1577 686 1655 regis
706 1585 817 1638 temere
835 1574 975 1655 vulgatus
991 1578 1020 1636 iu
1034 1577 1242 1638 Macedoniam
1256 1593 1392 1659 penetra·

296 1676 399 1754 risset,
411 1682 505 1733 mater
517 1672 583 1753 ejus
596 1691 739 1752 sororque
752 1672 912 1752 Cleopatra
926 1673 1114 1735 tumultuata
1126 1674 1260 1744 inerant:
1283 1687 1315 1736 et
1327 1677 1394 1739 hare

295 1768 414 1850 quidem
424 1779 580 1848 paternum
593 1787 727 1848 regnum,
738 1768 894 1849 Olympias
904 1768 1025 1848 Epirum
1037 1767 1208 1831 invaserat.¹
1241 1773 1288 1832 ll.
1305 1771 1393 1836 Forte

296 1867 367 1928 dnm
393 1865 538 1947 ejusmodi
559 1865 654 1926 literae
679 1863 856 1937 redduntur,
881 1865 1076 1944 Hephaestion
1101 1879 1238 1928 manetur
1261 1871 1393 1932 omnium

296 1981 471 2024 arcanorum
485 1981 518 2022 sa
532 1961 704 2040 participem
727 1961 839 2034 baberi,
862 1963 1026 2041 resignatas
1051 1965 1089 2022 ab
1112 1962 1283 2024 Alexandro
1305 1967 1393 2028 simul

295 2058 483 2138 inspiciebat.
525 2055 632 2135 Neque
645 2056 738 2118 vetuit
756 2075 824 2118 enm
846 2075 897 2116 rex
906 2076 916 2125 r
938 2055 992 2117 sed
1007 2055 1172 2118 detractum
1187 2056 1282 2137 digito
1296 2079 1393 2122 annu-

295 2156 358 2214 lum
376 2154 419 2213 ori
436 2152 562 2230 legentis
582 2151 724 2224 admovit,
745 2151 817 2212 nihil
838 2170 938 2212 eornm
960 2171 1028 2230 quta
1050 2155 1212 2234 perscripta
1231 2169 1344 2230 essent,
1360 2159 1392 2218 in

296 2250 371 2310 alios
383 2247 564 2309 efferendum
584 2247 765 2327 significans.
812 2250 859 2310 12.
882 2249 1039 2310 Incusasse
1059 2258 1158 2310 antem
1172 2251 1275 2311 ambos
1289 2253 1392 2328 lemur,

295 2358 327 2407 et
338 2345 440 2406 matris
454 2345 613 2405 insolentia
625 2356 791 2423 permotum
805 2343 998 2418 exclamasse,
1019 2352 1028 2381 ‘
1045 2345 1118 2404 Eam
1138 2363 1192 2423 pro
1207 2345 1391 2411 habitatione

296 2443 400 2503 decem
423 2440 580 2512 mensium,
593 2458 684 2517 quam
705 2440 735 2499 in
761 2451 843 2499 utero
863 2439 918 2500 sibi
937 2439 1123 2518 praebuisset,
1139 2460 1256 2519 gravem
1280 2462 1395 2506 meroe·

296 2535 365 2596 dem
384 2534 534 2613 exigere?
554 2535 743 2614 Antipatrum
755 2553 825 2595 sero
848 2545 1017 2615 suspectum
1038 2535 1188 2608 habuisse,
1202 2537 1287 2616 qnasi
1307 2555 1394 2618 parta

296 2652 333 2692 ex
348 2629 502 2710 Spartanis
516 2629 640 2689 victoria
650 2629 803 2691 tollentem
813 2631 937 2702 animos,
947 2642 979 2690 et
992 2631 1112 2710 imperio
1127 2641 1171 2692 tot
1179 2633 1241 2711 janu
1251 2633 1281 2692 in
1296 2653 1394 2698 annos

295 2736 454 2809 prorogato
468 2743 560 2803 supra
579 2726 713 2804 preteeti
735 2727 857 2788 modum
879 2727 1008 2788 alatum.¹
1051 2730 1098 2788 13.
1121 2728 1224 2806 ltaque
1243 2749 1312 2790 cnm
1327 2733 1392 2810 ejus

296 2823 426 2904 gravitas
453 2830 543 2899 atque
569 2819 724 2901 integritas
749 2843 770 2884 a
796 2823 972 2903 quibusdam
1000 2823 1225 2904 pmdicareturr
1257 2828 1394 2906 subjecit,

295 2917 458 2977 ‘liuterius
485 2914 607 2994 quidem
633 2917 733 2978 album
757 2919 870 2986 rideri;
893 2919 947 2979 sed
970 2919 995 2978 si
1020 2919 1136 2998 penitus
1161 2919 1391 3000 introspiciatur,

296 3023 392 3076 totum
405 3030 471 3071 esse
485 3013 684 3090 purpureum.¹
722 3013 837 3074 Pressit
851 3025 949 3074 tamen
970 3015 1167 3093 suspicionem
1183 3033 1278 3089 suam,
1294 3037 1393 3098 neque

295 3110 391 3172 ullum
403 3106 587 3166 manifestius
608 3108 767 3170 abalienati
781 3111 871 3170 animi
890 3110 1032 3172 indicium
1050 3109 1188 3188 pratulit.
1230 3112 1394 3176 Credidere

294 3217 395 3268 nmen
422 3201 566 3280 plerique,
593 3203 783 3283 Antipatrum
810 3205 927 3266 evocari
949 3223 981 3266 ss
1007 3205 1142 3284 supplicii
1164 3223 1255 3266 causa
1281 3221 1392 3284 ratum,

294 3301 391 3381 impiis
403 3295 681 3371 machinationibus,
694 3300 785 3378 regiae
805 3301 917 3374 mortis,
931 3321 998 3380 qum
1021 3300 1110 3379 paulo
1124 3311 1192 3378 post
1213 3315 1319 3362 secuta
1331 3317 1391 3376 est,

295 3407 446 3458 auctorem
459 3391 610 3454 errtitisse.l
651 3397 700 3454 14.
722 3395 839 3456 Interea
859 3415 911 3458 rex
924 3406 958 3456 nt
978 3396 1121 3457 imminuti
1136 3397 1283 3460 exercitus
1297 3397 1391 3460 detri-

294 3502 397 3550 menta
416 3487 547 3560 sarciret,
560 3487 704 3568 optimum
721 3509 868 3569 quemque
890 3492 1046 3552 Persarum
1062 3493 1091 3550 in
1114 3491 1327 3556 Macedonicos
1340 3512 1393 3554 or-

297 3583 383 3642 dines
397 3581 523 3658 allegits
541 3582 621 3642 mille
637 3584 726 3642 etiam
747 3587 1007 3664 praestantissimos
1027 3587 1193 3666 segregavit
1207 3587 1245 3646 ad
1270 3589 1393 3667 propin-

296 3700 357 3742 rem
379 3678 425 3738 sni
447 3676 578 3756 corporis
599 3672 807 3738 custodierat*
835 3681 922 3742 aliam
946 3681 1128 3742 hastatorum
1151 3699 1282 3754 manum,
1307 3681 1394 3746 haud

329 3886 549 3938 'Arrisnrrnz
675 3947 681 3957 .
861 3888 1201 3940 rerortnnsanmrmr.
1219 3887 1394 3938 Arrianus.

327 3963 488 4013 ‘Plutarch
500 3976 557 4026 cap.
567 3965 624 4012 12².
652 3961 755 4012 Arrisn.
771 3977 821 4014 rm.
860 3968 938 4014 Mt.
964 3967 1032 4016 Mar.
1045 3979 1106 4016 xru.
1119 3969 1158 4014 ⁸8.

295 4040 321 4086 1.
330 4041 371 4086 st.
398 4039 494 4090 Justiu.
507 4041 646 4090 malm.
892 4038 1070 4092 ll’lutarchus
1096 4039 1228 4105 Apopntts
1258 4054 1316 4104 esp.
1345 4041 1394 4088 19.

329 4109 342 4145 l
358 4111 490 4162 Plutarch.
502 4127 559 4176 cap.
570 4117 627 4162 117.
860 4113 962 4167 Arrisn.
975 4129 1025 4166 vn.
1036 4119 1061 4165 2.
1072 4119 1114 4165 14.
1390 4131 1395 4138 ·

326 4183 334 4220 ¹
350 4186 504 4238 Plutarchus
521 4187 651 4252 Apophth.
666 4203 724 4253 cap.
740 4193 781 4240 tu.
792 4196 821 4240 et
892 4189 903 4224 ¹¹
921 4190 1107 4242 nioaomvn.
1119 4193 1175 4242 11⁰.
