<?xml version="1.0" encoding="UTF-8"?>
<!DOCTYPE html PUBLIC "-//W3C//DTD XHTML 1.0 Transitional//EN"
    "http://www.w3.org/TR/xhtml1/DTD/xhtml1-transitional.dtd">
<html xmlns="http://www.w3.org/1999/xhtml" xml:lang="en" lang="en">
 <head>
  <title>
</title>
<meta http-equiv="Content-Type" content="text/html;charset=utf-8" />
  <meta name='ocr-system' content='tesseract 3.04.00' />
  <meta name='ocr-capabilities' content='ocr_page ocr_carea ocr_par ocr_line ocrx_word'/>
</head>
<body>
  <div class='ocr_page' id='page_1' title='image "./quinticurtiiruf02rufugoog_0116.png"; bbox 0 0 3025 4892; ppageno 0'>
   <div class='ocr_carea' id='block_1_1' title="bbox 284 361 1153 442">
    <p class='ocr_par' dir='ltr' id='par_1_1' title="bbox 284 361 1153 442">
     <span class='ocr_line' id='line_1_1' title="bbox 284 361 1153 442; baseline -0.015 -8"><span class='ocrx_word' id='word_1_1' title='bbox 284 367 349 434; x_wconf 82' lang='grc'><strong>688</strong></span> <span class='ocrx_word' id='word_1_2' title='bbox 518 385 551 442; x_wconf 81' lang='lat' dir='ltr'><strong>o.</strong></span> <span class='ocrx_word' id='word_1_3' title='bbox 575 379 706 430; x_wconf 76' lang='lat' dir='ltr'><strong>curru</strong></span> <span class='ocrx_word' id='word_1_4' title='bbox 730 380 818 430; x_wconf 80' lang='lat' dir='ltr'><strong>anri</strong></span> <span class='ocrx_word' id='word_1_5' title='bbox 847 375 915 426; x_wconf 83' lang='lat' dir='ltr'><strong>mu.</strong></span> <span class='ocrx_word' id='word_1_6' title='bbox 937 377 995 428; x_wconf 81' lang='lat' dir='ltr'><strong>rx.</strong></span> <span class='ocrx_word' id='word_1_7' title='bbox 1017 377 1100 428; x_wconf 77' lang='grc' dir='ltr'><strong>οιο.</strong></span> <span class='ocrx_word' id='word_1_8' title='bbox 1120 361 1153 424; x_wconf 82' lang='grc'><strong>4.</strong></span> 
     </span>
    </p>
   </div>
   <div class='ocr_carea' id='block_1_2' title="bbox 284 518 1383 2021">
    <p class='ocr_par' dir='ltr' id='par_1_2' title="bbox 284 518 1383 2021">
     <span class='ocr_line' id='line_1_2' title="bbox 284 518 1377 610; baseline -0.012 -15"><span class='ocrx_word' id='word_1_9' title='bbox 284 549 370 607; x_wconf 85' lang='lat' dir='ltr'><strong>nem,</strong></span> <span class='ocrx_word' id='word_1_10' title='bbox 387 526 560 610; x_wconf 83' lang='lat' dir='ltr'><strong>oppidum,</strong></span> <span class='ocrx_word' id='word_1_11' title='bbox 580 532 684 610; x_wconf 87' lang='lat' dir='ltr'><strong>capnt</strong></span> <span class='ocrx_word' id='word_1_12' title='bbox 705 525 792 608; x_wconf 68' lang='lat' dir='ltr'><strong>ejuS,</strong></span> <span class='ocrx_word' id='word_1_13' title='bbox 815 543 941 588; x_wconf 81' lang='lat' dir='ltr'><strong>corona·</strong></span> <span class='ocrx_word' id='word_1_14' title='bbox 958 525 1068 607; x_wconf 83' lang='lat' dir='ltr'>cepit:</span> <span class='ocrx_word' id='word_1_15' title='bbox 1091 525 1122 586; x_wconf 83' lang='lat'><strong>5.</strong></span> <span class='ocrx_word' id='word_1_16' title='bbox 1146 536 1210 584; x_wconf 72' lang='lat' dir='ltr'><strong>xa.</strong></span> <span class='ocrx_word' id='word_1_17' title='bbox 1227 518 1377 601; x_wconf 85' lang='lat' dir='ltr'><strong>peditum</strong></span> 
     </span>
     <span class='ocr_line' id='line_1_3' title="bbox 284 627 1380 710; baseline -0.013 -14"><span class='ocrx_word' id='word_1_18' title='bbox 284 631 388 697; x_wconf 88' lang='lat' dir='ltr'><strong>millia</strong></span> <span class='ocrx_word' id='word_1_19' title='bbox 399 629 470 695; x_wconf 87' lang='lat' dir='ltr'><strong>&#39;alia</strong></span> <span class='ocrx_word' id='word_1_20' title='bbox 484 636 583 710; x_wconf 79' lang='lat' dir='ltr'><strong>gens·</strong></span> <span class='ocrx_word' id='word_1_21' title='bbox 597 629 633 691; x_wconf 93' lang='lat' dir='ltr'><strong>iu</strong></span> <span class='ocrx_word' id='word_1_22' title='bbox 646 628 720 710; x_wconf 85' lang='lat' dir='ltr'><strong>ripa</strong></span> <span class='ocrx_word' id='word_1_23' title='bbox 741 627 910 690; x_wconf 89' lang='lat' dir='ltr'><strong>fluminum</strong></span> <span class='ocrx_word' id='word_1_24' title='bbox 933 628 1148 708; x_wconf 85' lang='lat' dir='ltr'><strong>opposuerat,</strong></span> <span class='ocrx_word' id='word_1_25' title='bbox 1168 638 1267 704; x_wconf 88' lang='lat' dir='ltr'><strong>quam</strong></span> <span class='ocrx_word' id='word_1_26' title='bbox 1281 639 1380 684; x_wconf 87' lang='lat' dir='ltr'><strong>amne</strong></span> 
     </span>
     <span class='ocr_line' id='line_1_4' title="bbox 286 723 1379 816; baseline -0.012 -20"><span class='ocrx_word' id='word_1_27' title='bbox 286 737 443 816; x_wconf 87' lang='lat' dir='ltr'><strong>snperato</strong></span> <span class='ocrx_word' id='word_1_28' title='bbox 457 729 491 792; x_wconf 92' lang='lat' dir='ltr'><strong>iu</strong></span> <span class='ocrx_word' id='word_1_29' title='bbox 504 729 623 808; x_wconf 80' lang='lat' dir='ltr'><strong>fugam</strong></span> <span class='ocrx_word' id='word_1_30' title='bbox 639 726 810 811; x_wconf 78' lang='lat' dir='ltr'><strong>compulit,</strong></span> <span class='ocrx_word' id='word_1_31' title='bbox 833 727 1047 808; x_wconf 80' lang='lat' dir='ltr'><strong>inclusosque</strong></span> <span class='ocrx_word' id='word_1_32' title='bbox 1066 723 1232 788; x_wconf 85' lang='lat' dir='ltr'><strong>moenibus</strong></span> <span class='ocrx_word' id='word_1_33' title='bbox 1247 738 1379 802; x_wconf 79' lang='lat' dir='ltr'><strong>expug-</strong></span> 
     </span>
     <span class='ocr_line' id='line_1_5' title="bbox 284 820 1381 915; baseline -0.013 -18"><span class='ocrx_word' id='word_1_34' title='bbox 284 838 357 897; x_wconf 87' lang='lat' dir='ltr'><strong>nat:</strong></span> <span class='ocrx_word' id='word_1_35' title='bbox 379 830 524 915; x_wconf 77' lang='lat' dir='ltr'><strong>puberes</strong></span> <span class='ocrx_word' id='word_1_36' title='bbox 538 827 799 900; x_wconf 85' lang='lat' dir='ltr'><strong>interfectisnut,</strong></span> <span class='ocrx_word' id='word_1_37' title='bbox 821 829 926 890; x_wconf 86' lang='lat' dir='ltr'><strong>ceteri</strong></span> <span class='ocrx_word' id='word_1_38' title='bbox 950 827 1130 890; x_wconf 90' lang='lat' dir='ltr'><strong>venierunt.</strong></span> <span class='ocrx_word' id='word_1_39' title='bbox 1173 824 1206 886; x_wconf 90' lang='grc'><strong>6.</strong></span> <span class='ocrx_word' id='word_1_40' title='bbox 1231 820 1381 884; x_wconf 82' lang='lat' dir='ltr'><strong>Alteram</strong></span> 
     </span>
     <span class='ocr_line' id='line_1_6' title="bbox 285 922 1382 1009; baseline -0.011 -13"><span class='ocrx_word' id='word_1_41' title='bbox 285 931 403 996; x_wconf 90' lang='lat' dir='ltr'><strong>deinde</strong></span> <span class='ocrx_word' id='word_1_42' title='bbox 416 924 553 994; x_wconf 76' lang='lat' dir='ltr'><strong>urbem‘</strong></span> <span class='ocrx_word' id='word_1_43' title='bbox 565 946 759 1009; x_wconf 83' lang='lat' dir='ltr'><strong>expugnare</strong></span> <span class='ocrx_word' id='word_1_44' title='bbox 780 926 928 1004; x_wconf 83' lang='lat' dir='ltr'><strong>adortus,</strong></span> <span class='ocrx_word' id='word_1_45' title='bbox 951 945 1138 1008; x_wconf 78' lang='lat' dir='ltr'><strong>magnaque</strong></span> <span class='ocrx_word' id='word_1_46' title='bbox 1152 924 1187 988; x_wconf 86' lang='lat' dir='ltr'><strong>vi</strong></span> <span class='ocrx_word' id='word_1_47' title='bbox 1202 922 1382 987; x_wconf 81' lang='lat' dir='ltr'><strong>defenden-</strong></span> 
     </span>
     <span class='ocr_line' id='line_1_7' title="bbox 285 1023 1380 1114; baseline -0.011 -16"><span class='ocrx_word' id='word_1_48' title='bbox 285 1034 368 1098; x_wconf 89' lang='lat' dir='ltr'><strong>tium</strong></span> <span class='ocrx_word' id='word_1_49' title='bbox 380 1031 511 1114; x_wconf 79' lang='lat' dir='ltr'><strong>pulsus,</strong></span> <span class='ocrx_word' id='word_1_50' title='bbox 533 1029 655 1092; x_wconf 85' lang='lat' dir='ltr'><strong>multos</strong></span> <span class='ocrx_word' id='word_1_51' title='bbox 681 1025 908 1091; x_wconf 76' lang='lat' dir='ltr'><strong>Macedonum</strong></span> <span class='ocrx_word' id='word_1_52' title='bbox 926 1028 1050 1092; x_wconf 84' lang='lat' dir='ltr'><strong>amisit.</strong></span> <span class='ocrx_word' id='word_1_53' title='bbox 1093 1024 1159 1090; x_wconf 86' lang='lat' dir='ltr'><strong>Sed</strong></span> <span class='ocrx_word' id='word_1_54' title='bbox 1177 1043 1254 1088; x_wconf 88' lang='lat' dir='ltr'><strong>cum</strong></span> <span class='ocrx_word' id='word_1_55' title='bbox 1269 1023 1304 1086; x_wconf 92' lang='lat' dir='ltr'><strong>in</strong></span> <span class='ocrx_word' id='word_1_56' title='bbox 1319 1023 1380 1086; x_wconf 85' lang='lat' dir='ltr'><strong>ob-</strong></span> 
     </span>
     <span class='ocr_line' id='line_1_8' title="bbox 286 1123 1381 1215; baseline -0.01 -18"><span class='ocrx_word' id='word_1_57' title='bbox 286 1134 416 1198; x_wconf 88' lang='lat' dir='ltr'><strong>sidione</strong></span> <span class='ocrx_word' id='word_1_58' title='bbox 427 1133 684 1215; x_wconf 84' lang='lat' dir='ltr'><strong>perseverasset,</strong></span> <span class='ocrx_word' id='word_1_59' title='bbox 700 1128 861 1211; x_wconf 79' lang='lat' dir='ltr'><strong>oppidani</strong></span> <span class='ocrx_word' id='word_1_60' title='bbox 875 1128 1007 1192; x_wconf 87' lang='lat' dir='ltr'><strong>deserta</strong></span> <span class='ocrx_word' id='word_1_61' title='bbox 1020 1127 1127 1190; x_wconf 84' lang='lat' dir='ltr'><strong>salute</strong></span> <span class='ocrx_word' id='word_1_62' title='bbox 1141 1125 1251 1206; x_wconf 79' lang='lat' dir='ltr'><strong>iguem</strong></span> <span class='ocrx_word' id='word_1_63' title='bbox 1265 1123 1381 1206; x_wconf 87' lang='lat' dir='ltr'><strong>subje-</strong></span> 
     </span>
     <span class='ocr_line' id='line_1_9' title="bbox 286 1223 1380 1312; baseline -0.009 -15"><span class='ocrx_word' id='word_1_64' title='bbox 286 1242 385 1299; x_wconf 80' lang='lat' dir='ltr'><strong>cere⁸</strong></span> <span class='ocrx_word' id='word_1_65' title='bbox 405 1231 517 1308; x_wconf 79' lang='lat' dir='ltr'><strong>tentia,</strong></span> <span class='ocrx_word' id='word_1_66' title='bbox 540 1247 731 1312; x_wconf 76' lang='lat' dir='ltr'><strong>aequoque</strong></span> <span class='ocrx_word' id='word_1_67' title='bbox 754 1248 795 1291; x_wconf 88' lang='lat' dir='ltr'><strong>ac</strong></span> <span class='ocrx_word' id='word_1_68' title='bbox 823 1228 950 1292; x_wconf 89' lang='lat' dir='ltr'><strong>liberos</strong></span> <span class='ocrx_word' id='word_1_69' title='bbox 974 1226 1197 1309; x_wconf 74' lang='lat' dir='ltr'><strong>coniugesque</strong></span> <span class='ocrx_word' id='word_1_70' title='bbox 1219 1223 1380 1288; x_wconf 89' lang='lat' dir='ltr'><strong>incendio</strong></span> 
     </span>
     <span class='ocr_line' id='line_1_10' title="bbox 287 1326 1380 1412; baseline -0.01 -13"><span class='ocrx_word' id='word_1_71' title='bbox 287 1342 441 1399; x_wconf 83' lang='lat' dir='ltr'><strong>cremant.</strong></span> <span class='ocrx_word' id='word_1_72' title='bbox 483 1335 515 1397; x_wconf 83' lang='lat'><strong>7.</strong></span> <span class='ocrx_word' id='word_1_73' title='bbox 540 1331 640 1410; x_wconf 88' lang='lat' dir='ltr'><strong>Quod</strong></span> <span class='ocrx_word' id='word_1_74' title='bbox 656 1349 730 1393; x_wconf 92' lang='lat' dir='ltr'><strong>cum</strong></span> <span class='ocrx_word' id='word_1_75' title='bbox 743 1329 811 1411; x_wconf 89' lang='lat' dir='ltr'><strong>ipsi</strong></span> <span class='ocrx_word' id='word_1_76' title='bbox 823 1336 993 1412; x_wconf 87' lang='lat' dir='ltr'><strong>augerent,</strong></span> <span class='ocrx_word' id='word_1_77' title='bbox 1004 1329 1119 1392; x_wconf 83' lang='lat' dir='ltr'><strong>hostes</strong></span> <span class='ocrx_word' id='word_1_78' title='bbox 1134 1326 1380 1405; x_wconf 79' lang='lat' dir='ltr'><strong>extinguerent,</strong></span> 
     </span>
     <span class='ocr_line' id='line_1_11' title="bbox 286 1425 1381 1518; baseline -0.01 -20"><span class='ocrx_word' id='word_1_79' title='bbox 286 1456 375 1500; x_wconf 85' lang='lat' dir='ltr'><strong>nora</strong></span> <span class='ocrx_word' id='word_1_80' title='bbox 397 1435 502 1500; x_wconf 82' lang='lat' dir='ltr'><strong>torma</strong></span> <span class='ocrx_word' id='word_1_81' title='bbox 526 1450 646 1515; x_wconf 81' lang='lat' dir='ltr'><strong>pugnae</strong></span> <span class='ocrx_word' id='word_1_82' title='bbox 675 1436 763 1518; x_wconf 61' lang='lat' dir='ltr'><strong>egat:</strong></span> <span class='ocrx_word' id='word_1_83' title='bbox 785 1429 942 1493; x_wconf 86' lang='lat' dir='ltr'><strong>delebant</strong></span> <span class='ocrx_word' id='word_1_84' title='bbox 968 1427 1089 1493; x_wconf 73' lang='lat' dir='ltr'><strong>incola</strong></span> <span class='ocrx_word' id='word_1_85' title='bbox 1112 1426 1244 1506; x_wconf 84' lang='lat' dir='ltr'><strong>urbem3</strong></span> <span class='ocrx_word' id='word_1_86' title='bbox 1265 1425 1381 1488; x_wconf 86' lang='lat' dir='ltr'><strong>hostes</strong></span> 
     </span>
     <span class='ocr_line' id='line_1_12' title="bbox 287 1526 1383 1612; baseline -0.011 -10"><span class='ocrx_word' id='word_1_87' title='bbox 287 1535 527 1602; x_wconf 82' lang='lat' dir='ltr'><strong>defendebant:</strong></span> <span class='ocrx_word' id='word_1_88' title='bbox 556 1533 642 1596; x_wconf 86' lang='lat' dir='ltr'><strong>adeo</strong></span> <span class='ocrx_word' id='word_1_89' title='bbox 665 1531 765 1595; x_wconf 87' lang='lat' dir='ltr'><strong>etiam</strong></span> <span class='ocrx_word' id='word_1_90' title='bbox 787 1533 913 1594; x_wconf 85' lang='lat' dir='ltr'><strong>naturae</strong></span> <span class='ocrx_word' id='word_1_91' title='bbox 931 1529 1007 1612; x_wconf 91' lang='lat' dir='ltr'><strong>jura</strong></span> <span class='ocrx_word' id='word_1_92' title='bbox 1034 1527 1159 1594; x_wconf 87' lang='lat' dir='ltr'><strong>bellum</strong></span> <span class='ocrx_word' id='word_1_93' title='bbox 1187 1526 1221 1589; x_wconf 93' lang='lat' dir='ltr'><strong>iu</strong></span> <span class='ocrx_word' id='word_1_94' title='bbox 1248 1533 1383 1591; x_wconf 84' lang='lat' dir='ltr'><strong>coutra-</strong></span> 
     </span>
     <span class='ocr_line' id='line_1_13' title="bbox 285 1626 1381 1714; baseline -0.01 -13"><span class='ocrx_word' id='word_1_95' title='bbox 285 1638 370 1701; x_wconf 90' lang='lat' dir='ltr'><strong>rinm</strong></span> <span class='ocrx_word' id='word_1_96' title='bbox 384 1642 502 1700; x_wconf 89' lang='lat' dir='ltr'><strong>mutat.</strong></span> <span class='ocrx_word' id='word_1_97' title='bbox 544 1633 576 1697; x_wconf 85' lang='grc' dir='ltr'><strong>Θ.</strong></span> <span class='ocrx_word' id='word_1_98' title='bbox 599 1632 672 1696; x_wconf 84' lang='lat' dir='ltr'><strong>Arx</strong></span> <span class='ocrx_word' id='word_1_99' title='bbox 685 1638 759 1696; x_wconf 86' lang='lat' dir='ltr'><strong>erat</strong></span> <span class='ocrx_word' id='word_1_100' title='bbox 768 1631 887 1714; x_wconf 87' lang='lat' dir='ltr'><strong>oppidi</strong></span> <span class='ocrx_word' id='word_1_101' title='bbox 898 1632 1036 1707; x_wconf 84' lang='lat' dir='ltr'><strong>intacta,</strong></span> <span class='ocrx_word' id='word_1_102' title='bbox 1051 1630 1084 1692; x_wconf 91' lang='lat' dir='ltr'><strong>in</strong></span> <span class='ocrx_word' id='word_1_103' title='bbox 1100 1645 1167 1711; x_wconf 86' lang='lat' dir='ltr'><strong>qna</strong></span> <span class='ocrx_word' id='word_1_104' title='bbox 1182 1626 1381 1708; x_wconf 69' lang='lat' dir='ltr'><strong>praesidium</strong></span> 
     </span>
     <span class='ocr_line' id='line_1_14' title="bbox 287 1727 1381 1819; baseline -0.013 -17"><span class='ocrx_word' id='word_1_105' title='bbox 287 1737 481 1819; x_wconf 84' lang='lat' dir='ltr'><strong>dereliquit:</strong></span> <span class='ocrx_word' id='word_1_106' title='bbox 506 1736 583 1817; x_wconf 83' lang='lat' dir='ltr'><strong>ipse</strong></span> <span class='ocrx_word' id='word_1_107' title='bbox 604 1732 738 1815; x_wconf 83' lang='lat' dir='ltr'><strong>navigio</strong></span> <span class='ocrx_word' id='word_1_108' title='bbox 761 1733 1002 1798; x_wconf 85' lang='lat' dir='ltr'><strong>circumvectus</strong></span> <span class='ocrx_word' id='word_1_109' title='bbox 1024 1736 1076 1796; x_wconf 80' lang='lat' dir='ltr'><strong>est</strong></span> <span class='ocrx_word' id='word_1_110' title='bbox 1097 1747 1226 1795; x_wconf 81' lang='lat' dir='ltr'><strong>arcem:</strong></span> <span class='ocrx_word' id='word_1_111' title='bbox 1251 1727 1381 1810; x_wconf 87' lang='lat' dir='ltr'><strong>quippe</strong></span> 
     </span>
     <span class='ocr_line' id='line_1_15' title="bbox 288 1823 1380 1919; baseline -0.009 -17"><span class='ocrx_word' id='word_1_112' title='bbox 288 1855 344 1902; x_wconf 83' lang='lat'><strong>111.</strong></span> <span class='ocrx_word' id='word_1_113' title='bbox 359 1837 493 1902; x_wconf 85' lang='lat' dir='ltr'><strong>flumina</strong></span> <span class='ocrx_word' id='word_1_114' title='bbox 507 1844 580 1902; x_wconf 90' lang='lat' dir='ltr'><strong>tota</strong></span> <span class='ocrx_word' id='word_1_115' title='bbox 601 1835 699 1898; x_wconf 88' lang='lat' dir='ltr'><strong>India</strong></span> <span class='ocrx_word' id='word_1_116' title='bbox 718 1841 843 1919; x_wconf 84' lang='lat' dir='ltr'><strong>praeter</strong></span> <span class='ocrx_word' id='word_1_117' title='bbox 858 1823 1000 1914; x_wconf 82' lang='lat' dir='ltr'><strong>Gangen</strong></span> <span class='ocrx_word' id='word_1_118' title='bbox 1014 1831 1163 1896; x_wconf 85' lang='lat' dir='ltr'><strong>maxima</strong></span> <span class='ocrx_word' id='word_1_119' title='bbox 1176 1829 1380 1893; x_wconf 88' lang='lat' dir='ltr'><strong>munimento</strong></span> 
     </span>
     <span class='ocr_line' id='line_1_16' title="bbox 285 1930 1382 2021; baseline -0.009 -17"><span class='ocrx_word' id='word_1_120' title='bbox 285 1940 375 2004; x_wconf 88' lang='lat' dir='ltr'><strong>arcis</strong></span> <span class='ocrx_word' id='word_1_121' title='bbox 395 1939 567 2021; x_wconf 86' lang='lat' dir='ltr'><strong>applicant</strong></span> <span class='ocrx_word' id='word_1_122' title='bbox 586 1936 716 2000; x_wconf 71' lang='lat' dir='ltr'><strong>nudae·</strong></span> <span class='ocrx_word' id='word_1_123' title='bbox 760 1935 793 2000; x_wconf 79' lang='lat' dir='ltr'><strong>A</strong></span> <span class='ocrx_word' id='word_1_124' title='bbox 818 1936 1061 2020; x_wconf 80' lang='lat' dir='ltr'><strong>septemtrione</strong></span> <span class='ocrx_word' id='word_1_125' title='bbox 1091 1931 1196 1997; x_wconf 86' lang='lat' dir='ltr'><strong>Indus</strong></span> <span class='ocrx_word' id='word_1_126' title='bbox 1218 1930 1336 2009; x_wconf 73' lang='lat' dir='ltr'><strong>alluit3</strong></span> <span class='ocrx_word' id='word_1_127' title='bbox 1359 1949 1382 1994; x_wconf 87' lang='lat' dir='ltr'><strong>a</strong></span> 
     </span>
    </p>
   </div>
   <div class='ocr_carea' id='block_1_3' title="bbox 319 2136 775 2200">
    <p class='ocr_par' dir='ltr' id='par_1_3' title="bbox 319 2136 775 2200">
     <span class='ocr_line' id='line_1_17' title="bbox 319 2136 775 2200; baseline 0 -15"><span class='ocrx_word' id='word_1_128' title='bbox 319 2144 331 2166; x_wconf 84' lang='lat'>⁸</span> <span class='ocrx_word' id='word_1_129' title='bbox 347 2136 420 2185; x_wconf 75' lang='lat' dir='ltr'><strong>Area</strong></span> <span class='ocrx_word' id='word_1_130' title='bbox 435 2137 574 2186; x_wconf 69' lang='lat' dir='ltr'><strong>medum</strong></span> <span class='ocrx_word' id='word_1_131' title='bbox 585 2137 660 2200; x_wconf 71' lang='lat' dir='ltr'><strong>epate</strong></span> <span class='ocrx_word' id='word_1_132' title='bbox 676 2138 775 2185; x_wconf 72' lang='lat' dir='ltr'><strong>mma</strong></span> 
     </span>
    </p>
   </div>
   <div class='ocr_carea' id='block_1_4' title="bbox 286 2362 1390 3318">
    <p class='ocr_par' dir='ltr' id='par_1_4' title="bbox 286 2362 1390 3318">
     <span class='ocr_line' id='line_1_18' title="bbox 286 2362 1383 2428; baseline 0 -14"><span class='ocrx_word' id='word_1_133' title='bbox 286 2364 364 2415; x_wconf 76' lang='lat' dir='ltr'><strong>Frob.</strong></span> <span class='ocrx_word' id='word_1_134' title='bbox 375 2363 430 2414; x_wconf 83' lang='lat' dir='ltr'><strong>Elz.</strong></span> <span class='ocrx_word' id='word_1_135' title='bbox 443 2364 593 2428; x_wconf 75' lang='lat' dir='ltr'><strong>Lugdcol.</strong></span> <span class='ocrx_word' id='word_1_136' title='bbox 604 2363 733 2424; x_wconf 70' lang='lat' dir='ltr'><strong>atilius.</strong></span> <span class='ocrx_word' id='word_1_137' title='bbox 747 2362 822 2412; x_wconf 76' lang='lat' dir='ltr'><strong>cul..</strong></span> <span class='ocrx_word' id='word_1_138' title='bbox 832 2364 920 2413; x_wconf 85' lang='lat' dir='ltr'><strong>etudiu.</strong></span> <span class='ocrx_word' id='word_1_139' title='bbox 953 2363 1068 2414; x_wconf 83' lang='lat' dir='ltr'><strong>Floreat.</strong></span> <span class='ocrx_word' id='word_1_140' title='bbox 1080 2363 1154 2414; x_wconf 84' lang='lat' dir='ltr'><strong>Laid.</strong></span> <span class='ocrx_word' id='word_1_141' title='bbox 1163 2363 1238 2414; x_wconf 78' lang='lat' dir='ltr'><strong>Vere.</strong></span> <span class='ocrx_word' id='word_1_142' title='bbox 1252 2367 1275 2413; x_wconf 86' lang='lat'><strong>1.</strong></span> <span class='ocrx_word' id='word_1_143' title='bbox 1290 2364 1348 2416; x_wconf 77' lang='lat' dir='ltr'><strong>Pal.</strong></span> <span class='ocrx_word' id='word_1_144' title='bbox 1359 2371 1383 2422; x_wconf 86' lang='lat'><strong>1.</strong></span> 
     </span>
     <span class='ocr_line' id='line_1_19' title="bbox 287 2426 1390 2480; baseline -0.005 -1"><span class='ocrx_word' id='word_1_145' title='bbox 287 2431 357 2479; x_wconf 73' lang='lat' dir='ltr'><strong>Dru.</strong></span> <span class='ocrx_word' id='word_1_146' title='bbox 381 2437 407 2478; x_wconf 86' lang='lat' dir='ltr'><strong>et</strong></span> <span class='ocrx_word' id='word_1_147' title='bbox 430 2429 496 2478; x_wconf 82' lang='lat' dir='ltr'><strong>bier.</strong></span> <span class='ocrx_word' id='word_1_148' title='bbox 518 2429 675 2479; x_wconf 69' lang='lat' dir='ltr'><strong>excutit-6</strong></span> <span class='ocrx_word' id='word_1_149' title='bbox 694 2427 808 2476; x_wconf 80' lang='lat' dir='ltr'><strong>Florem.</strong></span> <span class='ocrx_word' id='word_1_150' title='bbox 834 2426 907 2476; x_wconf 83' lang='lat' dir='ltr'><strong>Leid.</strong></span> <span class='ocrx_word' id='word_1_151' title='bbox 929 2427 1003 2477; x_wconf 77' lang='lat' dir='ltr'><strong>Vuae.</strong></span> <span class='ocrx_word' id='word_1_152' title='bbox 1030 2432 1053 2478; x_wconf 87' lang='lat'><strong>1.</strong></span> <span class='ocrx_word' id='word_1_153' title='bbox 1081 2432 1105 2477; x_wconf 90' lang='grc'><strong>2.</strong></span> <span class='ocrx_word' id='word_1_154' title='bbox 1127 2429 1195 2478; x_wconf 80' lang='lat' dir='ltr'><strong>Dan.</strong></span> <span class='ocrx_word' id='word_1_155' title='bbox 1222 2427 1281 2477; x_wconf 80' lang='lat' dir='ltr'><strong>llld.</strong></span> <span class='ocrx_word' id='word_1_156' title='bbox 1306 2429 1390 2480; x_wconf 86' lang='lat' dir='ltr'><strong>Frob..</strong></span> 
     </span>
     <span class='ocr_line' id='line_1_20' title="bbox 287 2490 1385 2555; baseline 0 -13"><span class='ocrx_word' id='word_1_157' title='bbox 287 2494 356 2542; x_wconf 82' lang='lat' dir='ltr'><strong>Mer.</strong></span> <span class='ocrx_word' id='word_1_158' title='bbox 373 2493 435 2540; x_wconf 82' lang='lat' dir='ltr'><strong>Bar.</strong></span> <span class='ocrx_word' id='word_1_159' title='bbox 453 2501 481 2541; x_wconf 85' lang='lat' dir='ltr'><strong>et</strong></span> <span class='ocrx_word' id='word_1_160' title='bbox 501 2491 557 2542; x_wconf 83' lang='lat' dir='ltr'><strong>Coi.</strong></span> <span class='ocrx_word' id='word_1_161' title='bbox 575 2490 765 2541; x_wconf 81' lang='lat' dir='ltr'><strong>omittuntale&#39;e.</strong></span> <span class='ocrx_word' id='word_1_162' title='bbox 793 2490 948 2540; x_wconf 77' lang='lat' dir='ltr'><strong>‘Glossema</strong></span> <span class='ocrx_word' id='word_1_163' title='bbox 960 2491 1270 2555; x_wconf 80' lang='lat' dir='ltr'><strong>videturrolenmirum.’</strong></span> <span class='ocrx_word' id='word_1_164' title='bbox 1288 2492 1385 2542; x_wconf 85' lang='lat' dir='ltr'><strong>Bothe.</strong></span> 
     </span>
     <span class='ocr_line' id='line_1_21' title="bbox 288 2554 1385 2618; baseline 0.002 -14"><span class='ocrx_word' id='word_1_165' title='bbox 288 2563 296 2584; x_wconf 76' lang='lat'>⁸</span> <span class='ocrx_word' id='word_1_166' title='bbox 311 2556 459 2616; x_wconf 73' lang='lat' dir='ltr'><strong>tegendum</strong></span> <span class='ocrx_word' id='word_1_167' title='bbox 471 2562 510 2604; x_wconf 85' lang='lat' dir='ltr'><strong>ert</strong></span> <span class='ocrx_word' id='word_1_168' title='bbox 523 2555 651 2618; x_wconf 68' lang='lat' dir='ltr'><strong>sinmitrii!</strong></span> <span class='ocrx_word' id='word_1_169' title='bbox 666 2554 824 2604; x_wconf 80' lang='lat' dir='ltr'><strong>Schmieder.</strong></span> <span class='ocrx_word' id='word_1_170' title='bbox 858 2554 974 2604; x_wconf 84' lang='lat' dir='ltr'><strong>Floreat.</strong></span> <span class='ocrx_word' id='word_1_171' title='bbox 988 2555 1059 2604; x_wconf 84' lang='lat' dir='ltr'><strong>Leid.</strong></span> <span class='ocrx_word' id='word_1_172' title='bbox 1072 2555 1147 2604; x_wconf 81' lang='lat' dir='ltr'><strong>Voss.</strong></span> <span class='ocrx_word' id='word_1_173' title='bbox 1161 2559 1182 2604; x_wconf 88' lang='grc'><strong>1.</strong></span> <span class='ocrx_word' id='word_1_174' title='bbox 1193 2559 1217 2603; x_wconf 95' lang='grc'><strong>2.</strong></span> <span class='ocrx_word' id='word_1_175' title='bbox 1230 2557 1312 2618; x_wconf 80' lang='lat' dir='ltr'><strong>Boug.</strong></span> <span class='ocrx_word' id='word_1_176' title='bbox 1325 2560 1348 2605; x_wconf 90' lang='grc'><strong>1.</strong></span> <span class='ocrx_word' id='word_1_177' title='bbox 1360 2561 1385 2606; x_wconf 83' lang='grc'><strong>2.</strong></span> 
     </span>
     <span class='ocr_line' id='line_1_22' title="bbox 288 2617 1385 2683; baseline -0.002 -14"><span class='ocrx_word' id='word_1_178' title='bbox 288 2627 316 2669; x_wconf 84' lang='lat' dir='ltr'><strong>ct</strong></span> <span class='ocrx_word' id='word_1_179' title='bbox 332 2619 386 2666; x_wconf 84' lang='lat' dir='ltr'><strong>Ele.</strong></span> <span class='ocrx_word' id='word_1_180' title='bbox 403 2635 455 2680; x_wconf 79' lang='lat' dir='ltr'><strong>pnoe</strong></span> <span class='ocrx_word' id='word_1_181' title='bbox 465 2634 532 2668; x_wconf 74' lang='lat' dir='ltr'><strong>erare</strong></span> <span class='ocrx_word' id='word_1_182' title='bbox 541 2636 551 2678; x_wconf 92' lang='lat'><strong>,·</strong></span> <span class='ocrx_word' id='word_1_183' title='bbox 568 2619 626 2668; x_wconf 79' lang='lat' dir='ltr'><strong>Pal.</strong></span> <span class='ocrx_word' id='word_1_184' title='bbox 639 2623 662 2667; x_wconf 92' lang='lat'><strong>1.</strong></span> <span class='ocrx_word' id='word_1_185' title='bbox 678 2633 809 2682; x_wconf 74' lang='lat' dir='ltr'><strong>purumne.</strong></span> <span class='ocrx_word' id='word_1_186' title='bbox 827 2617 980 2682; x_wconf 76' lang='lat' dir='ltr'><strong>Weeselinp.</strong></span> <span class='ocrx_word' id='word_1_187' title='bbox 1000 2620 1067 2683; x_wconf 85' lang='lat' dir='ltr'><strong>conj.</strong></span> <span class='ocrx_word' id='word_1_188' title='bbox 1086 2619 1255 2681; x_wconf 77' lang='lat' dir='ltr'><strong>Agulaueruer</strong></span> <span class='ocrx_word' id='word_1_189' title='bbox 1265 2653 1271 2666; x_wconf 93' lang='lat'><strong>.</strong></span> <span class='ocrx_word' id='word_1_190' title='bbox 1281 2654 1304 2669; x_wconf 89' lang='lat'><strong>..</strong></span> <span class='ocrx_word' id='word_1_191' title='bbox 1314 2635 1385 2682; x_wconf 79' lang='lat' dir='ltr'><strong>oppe-</strong></span> 
     </span>
     <span class='ocr_line' id='line_1_23' title="bbox 288 2681 1386 2745; baseline 0.002 -13"><span class='ocrx_word' id='word_1_192' title='bbox 288 2687 396 2743; x_wconf 74' lang='lat' dir='ltr'><strong>mnne,</strong></span> <span class='ocrx_word' id='word_1_193' title='bbox 433 2697 475 2731; x_wconf 75' lang='lat' dir='ltr'><strong>aar</strong></span> <span class='ocrx_word' id='word_1_194' title='bbox 495 2683 738 2745; x_wconf 73' lang='lat' dir='ltr'><strong>amne...eeepnttr‚</strong></span> <span class='ocrx_word' id='word_1_195' title='bbox 764 2681 889 2744; x_wconf 86' lang='lat' dir='ltr'><strong>probante</strong></span> <span class='ocrx_word' id='word_1_196' title='bbox 912 2683 1120 2732; x_wconf 67' lang='lat' dir='ltr'><strong>§innitentia-a</strong></span> <span class='ocrx_word' id='word_1_197' title='bbox 1142 2683 1218 2731; x_wconf 78' lang='lat' dir='ltr'><strong>Veri.</strong></span> <span class='ocrx_word' id='word_1_198' title='bbox 1236 2685 1261 2732; x_wconf 84' lang='lat'><strong>2.</strong></span> <span class='ocrx_word' id='word_1_199' title='bbox 1285 2683 1386 2734; x_wconf 85' lang='lat' dir='ltr'><strong>omittit</strong></span> 
     </span>
     <span class='ocr_line' id='line_1_24' title="bbox 288 2743 1386 2808; baseline 0.001 -13"><span class='ocrx_word' id='word_1_200' title='bbox 288 2747 376 2795; x_wconf 75' lang='lat' dir='ltr'><strong>erdem·</strong></span> <span class='ocrx_word' id='word_1_201' title='bbox 393 2743 454 2795; x_wconf 76' lang='lat' dir='ltr'><strong>Ad.</strong></span> <span class='ocrx_word' id='word_1_202' title='bbox 464 2747 593 2804; x_wconf 72' lang='lat' dir='ltr'><strong>adlonm</strong></span> <span class='ocrx_word' id='word_1_203' title='bbox 609 2747 706 2795; x_wconf 77' lang='lat' dir='ltr'><strong>Feucb.</strong></span> <span class='ocrx_word' id='word_1_204' title='bbox 718 2746 823 2794; x_wconf 72' lang='lat' dir='ltr'><strong>edormi.</strong></span> <span class='ocrx_word' id='word_1_205' title='bbox 848 2745 923 2794; x_wconf 81' lang='lat' dir='ltr'><strong>Voss.</strong></span> <span class='ocrx_word' id='word_1_206' title='bbox 941 2751 965 2795; x_wconf 85' lang='grc'><strong>2.</strong></span> <span class='ocrx_word' id='word_1_207' title='bbox 984 2761 1114 2808; x_wconf 76' lang='lat' dir='ltr'><strong>magnoque</strong></span> <span class='ocrx_word' id='word_1_208' title='bbox 1126 2747 1181 2795; x_wconf 83' lang='lat' dir='ltr'><strong>inde</strong></span> <span class='ocrx_word' id='word_1_209' title='bbox 1192 2746 1230 2794; x_wconf 81' lang='lat' dir='ltr'><strong>ni.</strong></span> <span class='ocrx_word' id='word_1_210' title='bbox 1239 2779 1246 2794; x_wconf 94' lang='lat'><strong>.</strong></span> <span class='ocrx_word' id='word_1_211' title='bbox 1256 2747 1386 2797; x_wconf 67' lang='lat' dir='ltr'><strong>Macedn-</strong></span> 
     </span>
     <span class='ocr_line' id='line_1_25' title="bbox 290 2807 1388 2872; baseline 0 -14"><span class='ocrx_word' id='word_1_212' title='bbox 290 2824 340 2858; x_wconf 81' lang='lat' dir='ltr'><strong>rrue.</strong></span> <span class='ocrx_word' id='word_1_213' title='bbox 372 2809 441 2858; x_wconf 82' lang='lat' dir='ltr'><strong>Mer.</strong></span> <span class='ocrx_word' id='word_1_214' title='bbox 459 2815 652 2872; x_wconf 71' lang='lat' dir='ltr'><strong>periermeni-</strong></span> <span class='ocrx_word' id='word_1_215' title='bbox 684 2809 760 2858; x_wconf 76' lang='lat' dir='ltr'><strong>Vuae.</strong></span> <span class='ocrx_word' id='word_1_216' title='bbox 779 2807 923 2858; x_wconf 67' lang='lat' dir='ltr'><strong>berbicem</strong></span> <span class='ocrx_word' id='word_1_217' title='bbox 943 2811 1020 2860; x_wconf 72' lang='lat' dir='ltr'><strong>tectis.</strong></span> <span class='ocrx_word' id='word_1_218' title='bbox 1054 2811 1129 2858; x_wconf 72' lang='lat' dir='ltr'><strong>Vore-</strong></span> <span class='ocrx_word' id='word_1_219' title='bbox 1148 2814 1172 2858; x_wconf 91' lang='grc'><strong>2.</strong></span> <span class='ocrx_word' id='word_1_220' title='bbox 1192 2815 1216 2857; x_wconf 88' lang='lat' dir='ltr'><strong>et</strong></span> <span class='ocrx_word' id='word_1_221' title='bbox 1234 2810 1388 2870; x_wconf 65' lang='lat' dir='ltr'><strong>ecpirigea-</strong></span> 
     </span>
     <span class='ocr_line' id='line_1_26' title="bbox 288 2872 1385 2937; baseline 0.004 -17"><span class='ocrx_word' id='word_1_222' title='bbox 288 2877 304 2920; x_wconf 82' lang='lat'><strong>&#39;1</strong></span> <span class='ocrx_word' id='word_1_223' title='bbox 321 2873 396 2921; x_wconf 75' lang='lat' dir='ltr'><strong>Vota.</strong></span> <span class='ocrx_word' id='word_1_224' title='bbox 408 2878 430 2921; x_wconf 87' lang='lat' dir='ltr'><strong>l.</strong></span> <span class='ocrx_word' id='word_1_225' title='bbox 442 2879 469 2921; x_wconf 86' lang='lat' dir='ltr'><strong>rrt</strong></span> <span class='ocrx_word' id='word_1_226' title='bbox 479 2873 563 2923; x_wconf 79' lang='lat' dir='ltr'><strong>loetee.</strong></span> <span class='ocrx_word' id='word_1_227' title='bbox 596 2873 672 2922; x_wconf 82' lang='lat' dir='ltr'><strong>Vorr.</strong></span> <span class='ocrx_word' id='word_1_228' title='bbox 685 2876 708 2922; x_wconf 89' lang='lat' dir='ltr'><strong>l.</strong></span> <span class='ocrx_word' id='word_1_229' title='bbox 724 2881 751 2922; x_wconf 89' lang='lat' dir='ltr'><strong>et</strong></span> <span class='ocrx_word' id='word_1_230' title='bbox 768 2872 838 2921; x_wconf 89' lang='lat' dir='ltr'><strong>Leld.</strong></span> <span class='ocrx_word' id='word_1_231' title='bbox 849 2880 917 2922; x_wconf 73' lang='lat' dir='ltr'><strong>eram</strong></span> <span class='ocrx_word' id='word_1_232' title='bbox 929 2889 974 2937; x_wconf 84' lang='lat' dir='ltr'><strong>pro</strong></span> <span class='ocrx_word' id='word_1_233' title='bbox 986 2878 1045 2923; x_wconf 84' lang='lat' dir='ltr'><strong>erut.</strong></span> <span class='ocrx_word' id='word_1_234' title='bbox 1077 2875 1153 2923; x_wconf 79' lang='lat' dir='ltr'><strong>Vore-</strong></span> <span class='ocrx_word' id='word_1_235' title='bbox 1163 2877 1187 2922; x_wconf 89' lang='grc'><strong>2.</strong></span> <span class='ocrx_word' id='word_1_236' title='bbox 1206 2874 1328 2922; x_wconf 78' lang='lat' dir='ltr'><strong>adolebunt</strong></span> <span class='ocrx_word' id='word_1_237' title='bbox 1347 2877 1385 2924; x_wconf 86' lang='lat' dir='ltr'><strong>irr-</strong></span> 
     </span>
     <span class='ocr_line' id='line_1_27' title="bbox 288 2936 1387 2999; baseline 0 -15"><span class='ocrx_word' id='word_1_238' title='bbox 288 2937 351 2984; x_wconf 77' lang='lat' dir='ltr'><strong>eolae.</strong></span> <span class='ocrx_word' id='word_1_239' title='bbox 385 2936 449 2984; x_wconf 84' lang='lat' dir='ltr'><strong>Mox</strong></span> <span class='ocrx_word' id='word_1_240' title='bbox 461 2937 671 2999; x_wconf 61' lang='lat' dir='ltr'><strong>prodgsendeduet</strong></span> <span class='ocrx_word' id='word_1_241' title='bbox 683 2938 798 2986; x_wconf 81' lang='lat' dir='ltr'><strong>Floreat.</strong></span> <span class='ocrx_word' id='word_1_242' title='bbox 809 2936 882 2984; x_wconf 79' lang='lat' dir='ltr'><strong>Leid·</strong></span> <span class='ocrx_word' id='word_1_243' title='bbox 894 2938 966 2985; x_wconf 83' lang='lat' dir='ltr'><strong>Vosr.</strong></span> <span class='ocrx_word' id='word_1_244' title='bbox 980 2941 1033 2986; x_wconf 86' lang='grc'><strong>1.2.</strong></span> <span class='ocrx_word' id='word_1_245' title='bbox 1050 2937 1107 2988; x_wconf 83' lang='lat' dir='ltr'><strong>Pal.</strong></span> <span class='ocrx_word' id='word_1_246' title='bbox 1117 2943 1140 2986; x_wconf 92' lang='grc'><strong>1.</strong></span> <span class='ocrx_word' id='word_1_247' title='bbox 1152 2937 1221 2986; x_wconf 81' lang='lat' dir='ltr'><strong>Dan.</strong></span> <span class='ocrx_word' id='word_1_248' title='bbox 1233 2936 1292 2986; x_wconf 84' lang='lat' dir='ltr'><strong>Ald.</strong></span> <span class='ocrx_word' id='word_1_249' title='bbox 1301 2937 1387 2986; x_wconf 87' lang='lat' dir='ltr'><strong>Colla.</strong></span> 
     </span>
     <span class='ocr_line' id='line_1_28' title="bbox 289 2999 1387 3062; baseline 0.001 -13"><span class='ocrx_word' id='word_1_250' title='bbox 289 2999 388 3062; x_wconf 83' lang='lat' dir='ltr'><strong>Grypb.</strong></span> <span class='ocrx_word' id='word_1_251' title='bbox 401 2999 477 3049; x_wconf 82' lang='lat' dir='ltr'><strong>Frob.</strong></span> <span class='ocrx_word' id='word_1_252' title='bbox 488 3001 556 3050; x_wconf 84' lang='lat' dir='ltr'><strong>Mer.</strong></span> <span class='ocrx_word' id='word_1_253' title='bbox 574 3002 633 3049; x_wconf 78' lang='lat' dir='ltr'><strong>Bar.</strong></span> <span class='ocrx_word' id='word_1_254' title='bbox 650 3008 677 3049; x_wconf 87' lang='lat' dir='ltr'><strong>et</strong></span> <span class='ocrx_word' id='word_1_255' title='bbox 697 3001 751 3050; x_wconf 85' lang='lat' dir='ltr'><strong>Col·</strong></span> <span class='ocrx_word' id='word_1_256' title='bbox 768 3000 947 3061; x_wconf 76' lang='lat' dir='ltr'><strong>extinguebant.</strong></span> <span class='ocrx_word' id='word_1_257' title='bbox 976 3001 1049 3049; x_wconf 85' lang='lat' dir='ltr'><strong>Mod·</strong></span> <span class='ocrx_word' id='word_1_258' title='bbox 1059 3016 1113 3050; x_wconf 80' lang='lat' dir='ltr'><strong>reru</strong></span> <span class='ocrx_word' id='word_1_259' title='bbox 1124 3014 1171 3062; x_wconf 85' lang='lat' dir='ltr'><strong>pro</strong></span> <span class='ocrx_word' id='word_1_260' title='bbox 1177 3001 1246 3060; x_wconf 77' lang='lat' dir='ltr'><strong>jura,</strong></span> <span class='ocrx_word' id='word_1_261' title='bbox 1257 3000 1387 3062; x_wconf 83' lang='lat' dir='ltr'><strong>probante</strong></span> 
     </span>
     <span class='ocr_line' id='line_1_29' title="bbox 288 3063 1386 3126; baseline 0.002 -15"><span class='ocrx_word' id='word_1_262' title='bbox 288 3063 419 3113; x_wconf 74' lang='lat' dir='ltr'><strong>Graeceio</strong></span> <span class='ocrx_word' id='word_1_263' title='bbox 429 3077 489 3114; x_wconf 88' lang='lat' dir='ltr'><strong>nno.</strong></span> <span class='ocrx_word' id='word_1_264' title='bbox 524 3065 639 3113; x_wconf 82' lang='lat' dir='ltr'><strong>Floreut.</strong></span> <span class='ocrx_word' id='word_1_265' title='bbox 657 3072 684 3113; x_wconf 86' lang='lat' dir='ltr'><strong>et</strong></span> <span class='ocrx_word' id='word_1_266' title='bbox 702 3063 777 3114; x_wconf 86' lang='lat' dir='ltr'><strong>Leid.</strong></span> <span class='ocrx_word' id='word_1_267' title='bbox 793 3065 820 3112; x_wconf 74' lang='lat' dir='ltr'><strong>ia</strong></span> <span class='ocrx_word' id='word_1_268' title='bbox 834 3079 855 3111; x_wconf 83' lang='lat' dir='ltr'><strong>e.</strong></span> <span class='ocrx_word' id='word_1_269' title='bbox 868 3069 1018 3114; x_wconf 51' lang='lat' dir='ltr'><strong>mutuate-8</strong></span> <span class='ocrx_word' id='word_1_270' title='bbox 1035 3065 1093 3113; x_wconf 83' lang='lat' dir='ltr'><strong>Pel.</strong></span> <span class='ocrx_word' id='word_1_271' title='bbox 1111 3069 1134 3113; x_wconf 88' lang='grc'><strong>1.</strong></span> <span class='ocrx_word' id='word_1_272' title='bbox 1147 3065 1173 3112; x_wconf 87' lang='lat' dir='ltr'><strong>irr</strong></span> <span class='ocrx_word' id='word_1_273' title='bbox 1190 3080 1236 3126; x_wconf 78' lang='lat' dir='ltr'><strong>qen</strong></span> <span class='ocrx_word' id='word_1_274' title='bbox 1246 3065 1386 3113; x_wconf 70' lang='lat' dir='ltr'><strong>inluditur.</strong></span> 
     </span>
     <span class='ocr_line' id='line_1_30' title="bbox 289 3125 1384 3192; baseline 0.004 -18"><span class='ocrx_word' id='word_1_275' title='bbox 289 3126 401 3174; x_wconf 76' lang='lat' dir='ltr'><strong>Floreat.</strong></span> <span class='ocrx_word' id='word_1_276' title='bbox 419 3127 493 3175; x_wconf 83' lang='lat' dir='ltr'><strong>Leid.</strong></span> <span class='ocrx_word' id='word_1_277' title='bbox 511 3128 587 3177; x_wconf 78' lang='lat' dir='ltr'><strong>Vner-</strong></span> <span class='ocrx_word' id='word_1_278' title='bbox 598 3133 622 3177; x_wconf 92' lang='lat' dir='ltr'><strong>l.</strong></span> <span class='ocrx_word' id='word_1_279' title='bbox 634 3130 659 3178; x_wconf 89' lang='grc'><strong>2.</strong></span> <span class='ocrx_word' id='word_1_280' title='bbox 682 3127 740 3176; x_wconf 83' lang='lat' dir='ltr'><strong>Pal.</strong></span> <span class='ocrx_word' id='word_1_281' title='bbox 754 3132 776 3176; x_wconf 91' lang='lat'><strong>1.</strong></span> <span class='ocrx_word' id='word_1_282' title='bbox 788 3135 815 3176; x_wconf 87' lang='lat' dir='ltr'><strong>et</strong></span> <span class='ocrx_word' id='word_1_283' title='bbox 826 3125 909 3189; x_wconf 84' lang='lat' dir='ltr'><strong>Bonp.</strong></span> <span class='ocrx_word' id='word_1_284' title='bbox 923 3133 945 3175; x_wconf 90' lang='lat' dir='ltr'><strong>l.</strong></span> <span class='ocrx_word' id='word_1_285' title='bbox 956 3135 980 3177; x_wconf 85' lang='grc'><strong>2.</strong></span> <span class='ocrx_word' id='word_1_286' title='bbox 991 3130 1041 3192; x_wconf 84' lang='lat' dir='ltr'><strong>ipre</strong></span> <span class='ocrx_word' id='word_1_287' title='bbox 1051 3129 1161 3188; x_wconf 49' lang='lat' dir='ltr'><strong>inopiis.</strong></span> <span class='ocrx_word' id='word_1_288' title='bbox 1186 3127 1258 3175; x_wconf 84' lang='lat' dir='ltr'><strong>Leid.</strong></span> <span class='ocrx_word' id='word_1_289' title='bbox 1270 3129 1346 3178; x_wconf 77' lang='lat' dir='ltr'><strong>Vere.</strong></span> <span class='ocrx_word' id='word_1_290' title='bbox 1360 3134 1384 3178; x_wconf 87' lang='lat' dir='ltr'><strong>l.</strong></span> 
     </span>
     <span class='ocr_line' id='line_1_31' title="bbox 289 3191 1386 3255; baseline 0.003 -17"><span class='ocrx_word' id='word_1_291' title='bbox 289 3199 316 3240; x_wconf 84' lang='lat' dir='ltr'><strong>et</strong></span> <span class='ocrx_word' id='word_1_292' title='bbox 327 3191 411 3254; x_wconf 75' lang='lat' dir='ltr'><strong>Boug.</strong></span> <span class='ocrx_word' id='word_1_293' title='bbox 424 3195 447 3238; x_wconf 89' lang='grc'><strong>1.</strong></span> <span class='ocrx_word' id='word_1_294' title='bbox 458 3195 482 3239; x_wconf 86' lang='grc'><strong>2.</strong></span> <span class='ocrx_word' id='word_1_295' title='bbox 493 3193 614 3240; x_wconf 85' lang='lat' dir='ltr'><strong>omittunt</strong></span> <span class='ocrx_word' id='word_1_296' title='bbox 625 3197 669 3240; x_wconf 83' lang='lat' dir='ltr'><strong>ert.</strong></span> <span class='ocrx_word' id='word_1_297' title='bbox 701 3192 775 3239; x_wconf 79' lang='lat' dir='ltr'><strong>Vorr.</strong></span> <span class='ocrx_word' id='word_1_298' title='bbox 788 3195 814 3239; x_wconf 89' lang='grc'><strong>2.</strong></span> <span class='ocrx_word' id='word_1_299' title='bbox 833 3192 931 3240; x_wconf 87' lang='lat' dir='ltr'><strong>omittit</strong></span> <span class='ocrx_word' id='word_1_300' title='bbox 948 3193 1059 3255; x_wconf 77' lang='lat' dir='ltr'><strong>nmximu,</strong></span> <span class='ocrx_word' id='word_1_301' title='bbox 1076 3201 1103 3240; x_wconf 85' lang='lat' dir='ltr'><strong>et</strong></span> <span class='ocrx_word' id='word_1_302' title='bbox 1120 3191 1213 3240; x_wconf 85' lang='lat' dir='ltr'><strong>deinde</strong></span> <span class='ocrx_word' id='word_1_303' title='bbox 1230 3191 1309 3240; x_wconf 79' lang='lat' dir='ltr'><strong>turbet</strong></span> <span class='ocrx_word' id='word_1_304' title='bbox 1326 3207 1386 3241; x_wconf 81' lang='lat' dir='ltr'><strong>cunr</strong></span> 
     </span>
     <span class='ocr_line' id='line_1_32' title="bbox 289 3253 1387 3318; baseline 0.001 -15"><span class='ocrx_word' id='word_1_305' title='bbox 289 3253 670 3305; x_wconf 60' lang='lat' dir='ltr'><strong>britannodunum.</strong></span> <span class='ocrx_word' id='word_1_306' title='bbox 696 3254 870 3312; x_wconf 54' lang='lat' dir='ltr'><strong>Pitumnum</strong></span> <span class='ocrx_word' id='word_1_307' title='bbox 895 3255 978 3318; x_wconf 77' lang='lat' dir='ltr'><strong>Bong.</strong></span> <span class='ocrx_word' id='word_1_308' title='bbox 991 3259 1013 3304; x_wconf 89' lang='lat'><strong>1.</strong></span> <span class='ocrx_word' id='word_1_309' title='bbox 1023 3260 1047 3306; x_wconf 90' lang='grc'><strong>2.</strong></span> <span class='ocrx_word' id='word_1_310' title='bbox 1060 3255 1191 3305; x_wconf 82' lang='lat' dir='ltr'><strong>etFrucb.</strong></span> <span class='ocrx_word' id='word_1_311' title='bbox 1203 3255 1273 3304; x_wconf 82' lang='lat' dir='ltr'><strong>alluit</strong></span> <span class='ocrx_word' id='word_1_312' title='bbox 1282 3272 1291 3312; x_wconf 71' lang='lat'><strong>,¹</strong></span> <span class='ocrx_word' id='word_1_313' title='bbox 1317 3255 1387 3318; x_wconf 79' lang='lat' dir='ltr'><strong>Mer.</strong></span> 
     </span>
    </p>
   </div>
   <div class='ocr_carea' id='block_1_5' title="bbox 782 3399 887 3452">
    <p class='ocr_par' dir='ltr' id='par_1_5' title="bbox 782 3399 887 3452">
     <span class='ocr_line' id='line_1_33' title="bbox 782 3399 887 3452; baseline -0.038 0"><span class='ocrx_word' id='word_1_314' title='bbox 782 3399 887 3452; x_wconf 79' lang='lat' dir='ltr'><strong>NO&#39;I&#39;AE</strong></span> 
     </span>
    </p>
   </div>
   <div class='ocr_carea' id='block_1_6' title="bbox 288 3511 1389 4104">
    <p class='ocr_par' dir='ltr' id='par_1_6' title="bbox 288 3511 1389 4104">
     <span class='ocr_line' id='line_1_34' title="bbox 290 3511 1387 3578; baseline 0.003 -20"><span class='ocrx_word' id='word_1_315' title='bbox 290 3513 393 3574; x_wconf 77' lang='lat' dir='ltr'><strong>Coma]</strong></span> <span class='ocrx_word' id='word_1_316' title='bbox 404 3514 460 3564; x_wconf 84' lang='lat' dir='ltr'><strong>Lib.</strong></span> <span class='ocrx_word' id='word_1_317' title='bbox 470 3528 510 3564; x_wconf 83' lang='lat' dir='ltr'><strong>iv.</strong></span> <span class='ocrx_word' id='word_1_318' title='bbox 521 3530 579 3578; x_wconf 78' lang='lat' dir='ltr'><strong>erp.</strong></span> <span class='ocrx_word' id='word_1_319' title='bbox 589 3520 614 3564; x_wconf 83' lang='lat' dir='ltr'><strong>e.</strong></span> <span class='ocrx_word' id='word_1_320' title='bbox 855 3513 928 3562; x_wconf 81' lang='lat' dir='ltr'><strong>riona</strong></span> <span class='ocrx_word' id='word_1_321' title='bbox 947 3511 1018 3562; x_wconf 76' lang='lat' dir='ltr'><strong>tecta</strong></span> <span class='ocrx_word' id='word_1_322' title='bbox 1034 3512 1060 3561; x_wconf 87' lang='lat' dir='ltr'><strong>in</strong></span> <span class='ocrx_word' id='word_1_323' title='bbox 1080 3511 1273 3561; x_wconf 76' lang='lat' dir='ltr'><strong>Mediterranea</strong></span> <span class='ocrx_word' id='word_1_324' title='bbox 1292 3525 1387 3561; x_wconf 85' lang='lat' dir='ltr'><strong>excur-</strong></span> 
     </span>
     <span class='ocr_line' id='line_1_35' title="bbox 321 3585 1389 3650; baseline 0 -14"><span class='ocrx_word' id='word_1_325' title='bbox 321 3594 332 3619; x_wconf 87' lang='lat'><strong>·</strong></span> <span class='ocrx_word' id='word_1_326' title='bbox 352 3587 428 3649; x_wconf 81' lang='lat' dir='ltr'><strong>Gerre]</strong></span> <span class='ocrx_word' id='word_1_327' title='bbox 450 3587 634 3650; x_wconf 72' lang='lat' dir='ltr'><strong>Agalmrenrer</strong></span> <span class='ocrx_word' id='word_1_328' title='bbox 656 3596 733 3638; x_wconf 81' lang='lat' dir='ltr'><strong>vocat</strong></span> <span class='ocrx_word' id='word_1_329' title='bbox 752 3589 816 3640; x_wconf 87' lang='lat' dir='ltr'><strong>Dio·</strong></span> <span class='ocrx_word' id='word_1_330' title='bbox 856 3601 914 3637; x_wconf 78' lang='lat' dir='ltr'><strong>reue</strong></span> <span class='ocrx_word' id='word_1_331' title='bbox 928 3587 1077 3636; x_wconf 70' lang='lat' dir='ltr'><strong>transmitit.</strong></span> <span class='ocrx_word' id='word_1_332' title='bbox 1094 3585 1389 3648; x_wconf 68' lang='lat' dir='ltr'><strong>Amedlluucllydra·</strong></span> 
     </span>
     <span class='ocr_line' id='line_1_36' title="bbox 289 3661 1387 3726; baseline -0.001 -14"><span class='ocrx_word' id='word_1_333' title='bbox 289 3663 374 3713; x_wconf 78' lang='lat' dir='ltr'><strong>dorus.</strong></span> <span class='ocrx_word' id='word_1_334' title='bbox 406 3663 502 3712; x_wconf 86' lang='lat' dir='ltr'><strong>Vocem</strong></span> <span class='ocrx_word' id='word_1_335' title='bbox 519 3664 576 3721; x_wconf 78' lang='lat' dir='ltr'><strong>ulia,</strong></span> <span class='ocrx_word' id='word_1_336' title='bbox 592 3677 668 3726; x_wconf 78' lang='lat' dir='ltr'><strong>quem</strong></span> <span class='ocrx_word' id='word_1_337' title='bbox 680 3663 778 3726; x_wconf 76' lang='lat' dir='ltr'><strong>eliquat</strong></span> <span class='ocrx_word' id='word_1_338' title='bbox 787 3663 817 3712; x_wconf 92' lang='lat' dir='ltr'><strong>li·</strong></span> <span class='ocrx_word' id='word_1_339' title='bbox 855 3670 1003 3723; x_wconf 78' lang='lat' dir='ltr'><strong>clemente,</strong></span> <span class='ocrx_word' id='word_1_340' title='bbox 1020 3661 1232 3724; x_wconf 70' lang='lat' dir='ltr'><strong>rivellynrotim</strong></span> <span class='ocrx_word' id='word_1_341' title='bbox 1251 3675 1283 3709; x_wconf 83' lang='lat' dir='ltr'><strong>ex</strong></span> <span class='ocrx_word' id='word_1_342' title='bbox 1297 3661 1387 3711; x_wconf 79' lang='lat' dir='ltr'><strong>Arria·</strong></span> 
     </span>
     <span class='ocr_line' id='line_1_37' title="bbox 289 3735 1207 3800; baseline -0.001 -14"><span class='ocrx_word' id='word_1_343' title='bbox 289 3737 330 3787; x_wconf 87' lang='lat' dir='ltr'><strong>bri</strong></span> <span class='ocrx_word' id='word_1_344' title='bbox 339 3737 503 3800; x_wconf 69' lang='lat' dir='ltr'><strong>adjecerunt,</strong></span> <span class='ocrx_word' id='word_1_345' title='bbox 520 3739 668 3788; x_wconf 80' lang='lat' dir='ltr'><strong>initulimue</strong></span> <span class='ocrx_word' id='word_1_346' title='bbox 679 3739 765 3800; x_wconf 85' lang='lat' dir='ltr'><strong>plnree</strong></span> <span class='ocrx_word' id='word_1_347' title='bbox 777 3753 817 3787; x_wconf 82' lang='lat' dir='ltr'><strong>re·</strong></span> <span class='ocrx_word' id='word_1_348' title='bbox 856 3753 889 3787; x_wconf 88' lang='lat' dir='ltr'><strong>no</strong></span> <span class='ocrx_word' id='word_1_349' title='bbox 902 3737 1011 3786; x_wconf 79' lang='lat' dir='ltr'><strong>arbitror</strong></span> <span class='ocrx_word' id='word_1_350' title='bbox 1023 3735 1108 3798; x_wconf 82' lang='lat' dir='ltr'><strong>colligi</strong></span> <span class='ocrx_word' id='word_1_351' title='bbox 1122 3750 1207 3798; x_wconf 77' lang='lat' dir='ltr'><strong>poure.</strong></span> 
     </span>
     <span class='ocr_line' id='line_1_38' title="bbox 288 3811 1389 3878; baseline 0.002 -14"><span class='ocrx_word' id='word_1_352' title='bbox 288 3812 359 3864; x_wconf 80' lang='lat' dir='ltr'><strong>cuti:</strong></span> <span class='ocrx_word' id='word_1_353' title='bbox 376 3820 405 3860; x_wconf 88' lang='lat' dir='ltr'><strong>et</strong></span> <span class='ocrx_word' id='word_1_354' title='bbox 420 3811 557 3866; x_wconf 60' lang='lat' dir='ltr'><strong>Diodorum</strong></span> <span class='ocrx_word' id='word_1_355' title='bbox 575 3811 643 3860; x_wconf 86' lang='lat' dir='ltr'><strong>unde</strong></span> <span class='ocrx_word' id='word_1_356' title='bbox 660 3811 717 3862; x_wconf 81' lang='lat' dir='ltr'><strong>baec</strong></span> <span class='ocrx_word' id='word_1_357' title='bbox 734 3819 817 3862; x_wconf 73' lang='lat' dir='ltr'><strong>sunm</strong></span> <span class='ocrx_word' id='word_1_358' title='bbox 889 3815 899 3850; x_wconf 75' lang='lat'><strong><em>¹</em></strong></span> <span class='ocrx_word' id='word_1_359' title='bbox 913 3819 1022 3866; x_wconf 77' lang='lat' dir='ltr'><strong>Alterum</strong></span> <span class='ocrx_word' id='word_1_360' title='bbox 1036 3816 1127 3878; x_wconf 74' lang='lat' dir='ltr'><strong>urbere]</strong></span> <span class='ocrx_word' id='word_1_361' title='bbox 1146 3815 1335 3865; x_wconf 82' lang='lat' dir='ltr'><strong>Brachmannru</strong></span> <span class='ocrx_word' id='word_1_362' title='bbox 1353 3829 1389 3866; x_wconf 80' lang='lat' dir='ltr'><strong>ex</strong></span> 
     </span>
     <span class='ocr_line' id='line_1_39' title="bbox 288 3883 1362 3949; baseline 0.004 -11"><span class='ocrx_word' id='word_1_363' title='bbox 288 3895 360 3949; x_wconf 72' lang='lat' dir='ltr'><strong>aaut,</strong></span> <span class='ocrx_word' id='word_1_364' title='bbox 374 3886 407 3936; x_wconf 82' lang='lat' dir='ltr'><strong>ed</strong></span> <span class='ocrx_word' id='word_1_365' title='bbox 426 3899 502 3936; x_wconf 80' lang='lat' dir='ltr'><strong>uuam</strong></span> <span class='ocrx_word' id='word_1_366' title='bbox 520 3883 655 3936; x_wconf 77' lang='lat' dir='ltr'><strong>referende</strong></span> <span class='ocrx_word' id='word_1_367' title='bbox 676 3901 734 3936; x_wconf 79' lang='lat' dir='ltr'><strong>eree</strong></span> <span class='ocrx_word' id='word_1_368' title='bbox 754 3888 816 3937; x_wconf 77' lang='lat' dir='ltr'><strong>eutii</strong></span> <span class='ocrx_word' id='word_1_369' title='bbox 857 3891 963 3940; x_wconf 74' lang='lat' dir='ltr'><strong>urbibus</strong></span> <span class='ocrx_word' id='word_1_370' title='bbox 974 3906 1030 3941; x_wconf 84' lang='lat' dir='ltr'><strong>enm</strong></span> <span class='ocrx_word' id='word_1_371' title='bbox 1042 3891 1121 3941; x_wconf 80' lang='lat' dir='ltr'><strong>tulere</strong></span> <span class='ocrx_word' id='word_1_372' title='bbox 1132 3891 1256 3940; x_wconf 75' lang='lat' dir='ltr'><strong>Arrianae</strong></span> <span class='ocrx_word' id='word_1_373' title='bbox 1269 3891 1362 3942; x_wconf 75' lang='lat' dir='ltr'><strong>tradit.</strong></span> 
     </span>
     <span class='ocr_line' id='line_1_40' title="bbox 288 3961 1388 4032; baseline 0.003 -18"><span class='ocrx_word' id='word_1_374' title='bbox 288 3964 395 4014; x_wconf 81' lang='lat' dir='ltr'><strong>indicet.</strong></span> <span class='ocrx_word' id='word_1_375' title='bbox 428 3962 500 4013; x_wconf 82' lang='lat' dir='ltr'><strong>Nihil</strong></span> <span class='ocrx_word' id='word_1_376' title='bbox 509 3969 551 4012; x_wconf 79' lang='lat' dir='ltr'><strong>est</strong></span> <span class='ocrx_word' id='word_1_377' title='bbox 564 3961 642 4025; x_wconf 75' lang='lat' dir='ltr'><strong>igitar</strong></span> <span class='ocrx_word' id='word_1_378' title='bbox 659 3963 728 4026; x_wconf 88' lang='lat' dir='ltr'><strong>qnod</strong></span> <span class='ocrx_word' id='word_1_379' title='bbox 745 3962 815 4014; x_wconf 83' lang='lat' dir='ltr'><strong>lebo-</strong></span> <span class='ocrx_word' id='word_1_380' title='bbox 888 3969 1038 4030; x_wconf 80' lang='lat' dir='ltr'><strong>toppidnni</strong></span> <span class='ocrx_word' id='word_1_381' title='bbox 1056 3968 1107 4027; x_wconf 73' lang='lat' dir='ltr'><strong>ign.</strong></span> <span class='ocrx_word' id='word_1_382' title='bbox 1125 3964 1197 4027; x_wconf 65' lang='lat' dir='ltr'><strong>eiij]</strong></span> <span class='ocrx_word' id='word_1_383' title='bbox 1215 3965 1258 4016; x_wconf 87' lang='lat' dir='ltr'><strong>Sic</strong></span> <span class='ocrx_word' id='word_1_384' title='bbox 1280 3979 1388 4032; x_wconf 81' lang='lat' dir='ltr'><strong>qunque</strong></span> 
     </span>
     <span class='ocr_line' id='line_1_41' title="bbox 289 4036 1387 4104; baseline 0.004 -17"><span class='ocrx_word' id='word_1_385' title='bbox 289 4053 373 4088; x_wconf 81' lang='lat' dir='ltr'><strong>remur</strong></span> <span class='ocrx_word' id='word_1_386' title='bbox 382 4051 501 4101; x_wconf 78' lang='lat' dir='ltr'><strong>quereum</strong></span> <span class='ocrx_word' id='word_1_387' title='bbox 505 4036 674 4100; x_wconf 61' lang='lat' dir='ltr'><strong>fimmde</strong></span> <span class='ocrx_word' id='word_1_388' title='bbox 685 4052 736 4088; x_wconf 90' lang='lat' dir='ltr'><strong>nno</strong></span> <span class='ocrx_word' id='word_1_389' title='bbox 748 4037 815 4088; x_wconf 82' lang='lat' dir='ltr'><strong>Ace·</strong></span> <span class='ocrx_word' id='word_1_390' title='bbox 857 4041 970 4104; x_wconf 86' lang='lat' dir='ltr'><strong>prodidit</strong></span> <span class='ocrx_word' id='word_1_391' title='bbox 989 4041 1057 4090; x_wconf 83' lang='lat' dir='ltr'><strong>idem</strong></span> <span class='ocrx_word' id='word_1_392' title='bbox 1070 4048 1177 4089; x_wconf 81' lang='lat' dir='ltr'><strong>unctor:</strong></span> <span class='ocrx_word' id='word_1_393' title='bbox 1195 4039 1239 4089; x_wconf 85' lang='lat' dir='ltr'><strong>red</strong></span> <span class='ocrx_word' id='word_1_394' title='bbox 1253 4039 1387 4091; x_wconf 85' lang='lat' dir='ltr'><strong>Diodorne</strong></span> 
     </span>
    </p>
   </div>
   <div class='ocr_carea' id='block_1_7' title="bbox 289 4113 1496 4180">
    <p class='ocr_par' dir='ltr' id='par_1_7' title="bbox 289 4113 1496 4180">
     <span class='ocr_line' id='line_1_42' title="bbox 289 4113 1496 4180; baseline -0.002 -14"><span class='ocrx_word' id='word_1_395' title='bbox 289 4115 816 4180; x_wconf 75' lang='lat' dir='ltr'><strong>riuedixeri23nequeenimdelleerine,</strong></span> <span class='ocrx_word' id='word_1_396' title='bbox 856 4115 978 4179; x_wconf 85' lang='lat' dir='ltr'><strong>oppidum</strong></span> <span class='ocrx_word' id='word_1_397' title='bbox 991 4116 1022 4164; x_wconf 82' lang='lat' dir='ltr'><strong>ab</strong></span> <span class='ocrx_word' id='word_1_398' title='bbox 1035 4113 1184 4166; x_wconf 78' lang='lat' dir='ltr'><strong>Alexandro</strong></span> <span class='ocrx_word' id='word_1_399' title='bbox 1201 4129 1248 4179; x_wconf 88' lang='lat' dir='ltr'><strong>per</strong></span> <span class='ocrx_word' id='word_1_400' title='bbox 1266 4115 1330 4169; x_wconf 81' lang='lat' dir='ltr'><strong>iram</strong></span> <span class='ocrx_word' id='word_1_401' title='bbox 1347 4117 1389 4168; x_wconf 88' lang='lat' dir='ltr'><strong>iu-</strong></span> <span class='ocrx_word' id='word_1_402' title='bbox 1495 4113 1496 4118; x_wconf 75' lang='grc'>’</span> 
     </span>
    </p>
   </div>
   <div class='ocr_carea' id='block_1_8' title="bbox 289 4191 1014 4258">
    <p class='ocr_par' dir='ltr' id='par_1_8' title="bbox 289 4191 1014 4258">
     <span class='ocr_line' id='line_1_43' title="bbox 289 4191 1014 4258; baseline 0.003 -16"><span class='ocrx_word' id='word_1_403' title='bbox 289 4193 335 4242; x_wconf 86' lang='lat' dir='ltr'><strong>red</strong></span> <span class='ocrx_word' id='word_1_404' title='bbox 353 4191 386 4242; x_wconf 84' lang='lat' dir='ltr'><strong>de</strong></span> <span class='ocrx_word' id='word_1_405' title='bbox 400 4192 458 4242; x_wconf 74' lang='lat' dir='ltr'><strong>cliii</strong></span> <span class='ocrx_word' id='word_1_406' title='bbox 474 4206 558 4242; x_wconf 71' lang='lat' dir='ltr'><strong>nermo</strong></span> <span class='ocrx_word' id='word_1_407' title='bbox 577 4200 618 4244; x_wconf 81' lang='lat' dir='ltr'><strong>eit</strong></span> <span class='ocrx_word' id='word_1_408' title='bbox 634 4207 815 4258; x_wconf 77' lang='lat' dir='ltr'><strong>qnoeermen·</strong></span> <span class='ocrx_word' id='word_1_409' title='bbox 854 4207 959 4244; x_wconf 76' lang='lat' dir='ltr'><strong>centnm</strong></span> <span class='ocrx_word' id='word_1_410' title='bbox 969 4192 1014 4244; x_wconf 84' lang='lat' dir='ltr'><strong>ait.</strong></span> 
     </span>
    </p>
   </div>
   <div class='ocr_carea' id='block_1_9' title="bbox 0 0 1527 4892">
    <p class='ocr_par' dir='ltr' id='par_1_9' title="bbox 0 0 1527 4892">
     <span class='ocr_line' id='line_1_44' title="bbox 0 0 1527 4892; baseline 0 0"><span class='ocrx_word' id='word_1_411' title='bbox 0 0 1527 4892; x_wconf 95' lang='lat' dir='ltr'><strong> </strong></span> 
     </span>
    </p>
   </div>
  </div>
 </body>
</html>
