3025 4892
397 381 456 430 ou.
480 380 588 430 exiri.
609 365 642 430 1.
679 381 714 430 s.
740 382 799 430 ou·
825 381 864 430 rr.
885 367 962 432 317.
1150 365 1216 430 deti

133 525 308 608 nubesque
322 522 499 602 Indorum,
512 525 602 590 nulla
615 543 650 589 re
665 527 783 608 magis,
798 544 899 611 quam
922 525 1066 592 audacia
1088 527 1216 603 armati,

134 630 363 694 interemerunt.
410 629 463 692 la
484 628 587 694 Abire
602 648 678 694 cam
701 629 805 712 gloria
827 636 996 712 poterant,
1013 630 1043 693 si
1065 645 1216 710 anquam

135 731 288 796 amentes
301 731 389 796 felix
403 731 567 797 inveniret
580 731 716 796 modam
729 731 753 810 ς*
774 731 837 794 sed
850 731 929 794 dum
941 731 1217 813 supervenientes

135 835 307 898 mntemtim
331 841 368 898 et
388 835 532 916 superbe
556 853 690 918 quoque
715 838 906 915 expectant,
932 831 1148 896 circumventi
1171 831 1216 894 ab

134 932 182 1008 iis,
195 935 247 1016 qai
263 934 391 1000 occulti
414 939 637 1012 enataverunt,
652 935 783 1000 eminas
803 934 913 997 obruti
935 932 1014 997 telis
1029 937 1117 996 sant.
1161 931 1217 996 16.

136 1031 197 1110 Qui
209 1035 389 1117 effugerant
402 1035 545 1111 bostem,
569 1040 627 1099 aut
642 1035 769 1118 impetu
793 1034 902 1097 amnis
924 1035 1028 1098 ablati
1053 1036 1142 1110 sunt,
1157 1037 1218 1096 aut

136 1137 306 1201 runcinus
322 1137 502 1220 impliciti:
524 1155 632 1219 eaque
646 1153 761 1220 pugna
785 1137 927 1200 multum
953 1135 1109 1199 lidaoiarn
1135 1132 1218 1198 Pori

137 1238 244 1313 erexit,
260 1245 385 1301 cunata
400 1238 593 1302 dementiae
608 1237 695 1320 ripa.
737 1236 791 1300 1⁷.
813 1234 1008 1300 Alexander
1023 1237 1122 1320 inops
1137 1253 1217 1302 oon·

138 1337 195 1400 silli
208 1338 342 1402 tandem
366 1337 411 1401 ad
435 1337 615 1402 fallendum
641 1337 771 1401 hostem
800 1337 901 1400 talem
921 1336 1035 1401 dolam
1054 1336 1219 1403 intendit·

130 1437 207 1502 ¹Eua
218 1439 326 1504 insula
349 1440 383 1503 in
402 1439 536 1504 flumine
557 1437 703 1522 amplior
716 1437 846 1514 ueteris,
865 1438 1037 1522 sylvestris
1051 1437 1219 1515 eademst

138 1539 271 1621 tegendis
285 1541 420 1606 insidiis
436 1545 532 1622 apta:
555 1540 649 1605 fossa
674 1557 810 1622 quoque
833 1539 976 1621 praealta
994 1539 1083 1605 haud
1098 1539 1219 1622 procul

138 1643 211 1726 ripa,
226 1665 328 1729 qaam
342 1645 475 1709 tenebat
488 1643 574 1725 ipse,
588 1661 655 1706 nou
670 1641 802 1726 pedites
817 1642 930 1719 modo,
946 1642 1005 1706 sed
1020 1644 1121 1707 etiam
1137 1660 1218 1707 oum

139 1748 223 1828 equis
244 1747 333 1810 viros
353 1753 489 1829 poterat
512 1746 731 1810 abscondere.
775 1743 828 1808 18.
852 1743 959 1826 lgitur
973 1751 1011 1807 at
1029 1763 1051 1807 a
1067 1742 1221 1808 custodia

137 1847 223 1931 bajus
233 1848 492 1932 opportunitatis
503 1847 621 1911 ooalos
635 1846 782 1911 hostium
798 1849 983 1922 averteret3
1000 1843 1220 1907 Ptolemaeum
1308 1881 1311 1886 -

139 1951 227 2012 ‘oum
237 1950 391 2015 omnibus
403 1950 517 2012 turmis
530 1946 744 2031 obequitare'
761 1945 868 2030 jussit
883 1945 1022 2028 ‘procul
1037 1945 1081 2009 ab
1096 1945 1218 2022 insula,

139 2059 167 2114 et
178 2051 317 2115 subinde
328 2050 432 2114 lndos
448 2049 595 2114 clamore
606 2055 735 2125 terrere,
747 2049 846 2131 quasi
857 2045 980 2109 flumen
991 2049 1222 2110 transnaturus

138 2151 251 2218 foret),
278 2153 332 2216 19.
349 2152 415 2215 Per
425 2151 613 2234 complures
628 2149 701 2214 dies
717 2149 925 2214 Ptolemaeus
939 2147 972 2210 id
988 2147 1086 2224 lecit3
1110 2164 1220 2229 eoque

140 2255 272 2320 oonsilio
290 2254 416 2318 Porum
432 2271 568 2337 quoque
584 2269 703 2334 agmen
720 2269 815 2314 snum
830 2251 863 2314 ei
877 2249 977 2331 parti,
991 2265 1091 2329 quam
1108 2265 1144 2309 se
1163 2266 1222 2329 pe·

139 2366 201 2421 tere
210 2355 401 2430 simulabat,
413 2351 524 2435 coligit
535 2350 746 2416 adverteras
786 2351 840 2415 20.
850 2349 874 2414 J
875 2367 930 2414 am
945 2356 1046 2412 extra
1060 2365 1221 2429 conspee-

138 2462 199 2520 tnm
213 2456 319 2522 bostis
338 2454 452 2520 insula
466 2460 554 2517 erat:
578 2451 771 2517 Alexander
792 2455 803 2486 ‘
814 2451 847 2513 in
874 2449 1006 2513 diversa
1026 2451 1122 2530 parte
1138 2447 1220 2529 ripae

138 2559 231 2624 statui
254 2576 353 2622 suum
376 2552 642 2620 tabemaoulum’
661 2554 777 2638 jussit,
791 2557 1049 2632 ‘assuetumque
1069 2547 1222 2614 comitari

162 2749 178 2857 ἕ
189 2754 379 2868 fingam
389 2752 533 2802 admitteret.
629 2759 639 2783 ‘
657 2750 711 2800 Hae
721 2753 865 2811 stratagema
875 2744 1027 2808 emgitmit.

587 2955 767 2978 “Ouum'‘

138 3077 249 3127 l'relnrb.
272 3083 403 3128 tmarrrr.
437 3075 553 3124 Floreat.
575 3080 602 3121 et
620 3073 697 3122 Voss.
716 3075 739 3120 1.
757 3070 881 3119 omittunt
902 3067 976 3115 ralla.
1010 3065 1127 3113 Floreat.
1152 3061 1226 3110 Leia.

139 3141 207 3190 Voss.
219 3147 242 3190 1.
254 3145 278 3191 1.
298 3147 325 3190 et
344 3141 427 3200 Bonss.
444 3139 586 3201 meliarpro
596 3137 747 3198 aragia-16
766 3135 840 3182 Voss.
851 3137 876 3181 1.
893 3131 916 3179 η’
935 3143 1067 3192 mosara
1107 3126 1223 3198 Floreat.

139 3205 293 3255 leidvmr.
305 3209 328 3253 l.
342 3209 367 3252 1.
385 3205 455 3254 Dan.
474 3203 570 3251 venet.
589 3201 684 3249 Veron.
705 3201 766 3248 Vet.
784 3213 825 3246 an.
843 3199 915 3245 1171.
934 3194 1047 3264 Mediol.
1061 3190 1121 3238 nto.
1138 3191 1223 3238 Colrn.

139 3267 234 3332 (tryph.
247 3271 312 3317 ltler.
332 3269 392 3318 llas.
403 3275 430 3316 et
446 3267 503 3318 Col.
523 3267 644 3315 temeritas
654 3263 747 3324 infelix.
782 3261 840 3310 Alo.
851 3257 985 3320 contempti.
1018 3255 1127 3330 11111111
1136 3265 1226 3328 quoqu?

137 3333 238 3396 reperire.
270 3333 384 3381 Floreat.
396 3330 468 3380 inid.
483 3331 555 3379 Voss.
567 3333 626 3378 1.1.
643 3337 669 3377 rt
682 3329 813 3392 pleraque
829 3325 889 3374 edd.
906 3329 966 3370 ante
984 3319 1099 3368 Freinsb.
1118 3317 1224 3390 infiat.

139 3396 231 3444 lauch.
242 3397 335 3444 unite.
367 3395 481 3444 Floreat.
494 3392 566 3443 Laid.
577 3400 604 3442 at
613 3393 689 3442 Voss.
700 3396 724 3441 1.
737 3395 762 3439 1.
774 3389 975 3438 marmana-ln
992 3385 1065 3430 Voss.
1075 3385 1100 3434 1.
1117 3385 1225 3432 omittit,

140 3461 193 3514 Qut.
203 3461 243 3521 lrr.
260 3459 381 3520 usquead
393 3465 434 3507 aet
445 3458 581 3507 nortis-ibas.
613 3457 730 3504 Floreat.
743 3453 818 3502 Laid.
828 3453 904 3500 Voss.
914 3453 936 3497 1.
952 3449 1034 3508 Bong.
1044 3445 1112 3492 Mer.
1124 3450 1151 3491 et
1167 3440 1225 3518 flol.

137 3523 267 3573 rertiaibus.
291 3525 362 3573 Pitlr.
373 3523 489 3585 appliciti.
522 3523 635 3570 Floreat.
651 3520 723 3568 Laid.
743 3519 816 3566 Voss.
828 3521 851 3564 1.
863 3519 887 3563 2.
899 3513 1021 3586 et'Bong.
1036 3506 1225 3570 Porlfldaaarr.

138 3593 198 3636 -11
218 3588 270 3636 liis.
284 3596 309 3635 et
322 3587 355 3634 al·
365 3587 427 3635 baud
438 3585 518 3648 mul
528 3599 542 3634 a
554 3584 615 3647 ripe.
650 3585 722 3630 Voss.
733 3586 758 3629 1.
776 3595 822 3628 aar
838 3580 865 3626 ia
882 3577 1050 3647 pedena—iti¹
1067 3573 1148 3647 ltong.
1160 3573 1184 3618 1.
1197 3575 1225 3617 et

139 3651 209 3701 Voss.
221 3656 246 3698 1.
268 3651 349 3712 igitur
364 3649 427 3699 baud
437 3649 542 3698 cutodia
550 3664 560 3706 ‚·
584 3646 643 3697 edd.
656 3648 741 3710 rulgg.
760 3653 821 3692 aare
840 3641 956 3690 Freinrb.
988 3639 1024 3686 Ut
1041 3641 1119 3711 agatur
1134 3651 1150 3682 a
1165 3639 1226 3684 cart.

139 3715 212 3765 Voss.
222 3719 247 3764 1.
257 3713 437 3772 οοι1111111ριιο.
464 3713 538 3762 Voss.
551 3716 573 3762 1.
585 3711 703 3770 etBoug.
715 3707 886 3772 opportunitas.
911 3703 1025 3752 Floreat.
1037 3699 1108 3774 Laid.
1117 3706 1144 3746 et
1153 3699 1228 3746 Voss.

140 3784 162 3828 l.
181 3779 340 3836 probarum
373 3777 447 3824 Voss.
457 3780 482 3825 1.
495 3776 665 3836 Ρ1Ιιο1ονηιπηι,
683 3779 710 3822 rt
724 3775 762 3822 rio
775 3784 886 3832 semper.
920 3767 1035 3814 Floreat.
1048 3761 1120 3811 berd.
1132 3760 1188 3837 l’al.
1202 3765 1225 3809 1.

138 3851 163 3891 rt
173 3843 254 3906 Bong.
266 3845 322 3892 1.1.
340 3840 465 3890 omittunt
475 3855 537 3889 eant.
571 3838 644 3888 Laid.
657 3837 730 3886 var.
742 3839 799 3885 1.1.
815 3842 843 3883 et
864 3835 980 3893 noega.
991 3833 1017 3877 1.
1034 3827 1117 3902 procul
1132 3824 1228 3882 mla:

140 3905 208 3958 Pitlr.
220 3917 245 3956 et
260 3907 356 3956 Faueb.
366 3905 392 3954 ia
400 3904 479 3954 iasab
486 3921 495 3962 ,·
520 3905 634 3952 Floreat.
644 3902 725 3963 proed
735 3900 762 3948 iu
772 3900 822 3947 rulo
831 3897 910 3946 mab
917 3911 926 3952 ‚·
943 3894 1009 3942 Dan.
1021 3900 1099 3940 ettam
1111 3903 1137 3938 ra
1145 3901 1227 3964 mart.

139 3986 204 4020 ποτ.
224 3971 311 4030 babet,
328 3970 353 4018 ia
363 3971 431 4026 salu
459 3963 809 4028 Atn.c‹>11n.orypn.n1a.
823 3964 882 4011 liar.
894 3967 922 4008 et
933 3958 988 4006 Col.
1004 3953 1125 4018 proculab
1141 3953 1227 4003 mula.

139 4033 214 4086 Voss.
229 4039 252 4084 1.
271 4037 372 4085 clam
389 4039 486 4082 terrare.
519 4031 585 4082 Edd.
604 4030 690 4094 vulgg.
710 4035 772 4076 uate
793 4024 909 4076 Freinsb.
922 4026 1076 4074 rmararas,·
1109 4015 1226 4069 Floreat.

140 4097 211 4148 leid.
222 4100 295 4148 Voss.
306 4101 364 4149 1.1.
376 4097 418 4146 alli
432 4103 459 4145 et
469 4095 529 4146 edd.
542 4101 652 4144 recentt.
664 4097 840 4143 transnaturus.
873 4087 947 4136 Voss.
959 4089 983 4133 1.
1001 4088 1052 4131 erat
1065 4079 1226 4143 proferet.-

139 4167 171 4210 lu
186 4164 281 4227 angg.
291 4162 352 4212 edd.
362 4168 421 4210 ante
433 4159 549 4209 Preinsla
559 4159 649 4208 Porum
664 4170 794 4219 agmenque
799 4170 809 4212 ,-
833 4151 909 4225 codd.
919 4163 980 4225 reru
999 4154 1026 4196 et
1045 4145 1104 4195 edd.
1117 4152 1228 4194 temnit.

141 4227 172 4276 Ρ.
184 4241 269 4291 quoqne
278 4241 371 4290 agerem
395 4225 510 4275 Floreat.
521 4223 598 4286 abigit
609 4226 716 4278 sertem
739 4221 822 4284 Bong.
834 4223 858 4268 1.
869 4218 948 4275 coget
957 4214 1135 4262 aerem-ao
1152 4208 1225 4258 blod.
