3025 4892
290 372 356 438 816
637 385 744 434 uorat
770 381 967 434 vauronou
995 381 1033 430 ru

290 527 360 592 apud
373 527 525 590 posteriores
537 525 717 590 imperatores,
727 525 818 590 quibus
855 521 1019 587 genethliaci,
1036 519 1229 582 naemmaotlci,
1244 519 1384 584 prestigia·

289 603 356 667 ignis
376 601 575 666 preferebatur,
590 601 624 651 ds
640 604 712 665 eujus
727 602 819 672 prais·
857 609 936 660 tores,
948 597 1042 654 iamin.
1054 610 1133 661 sapsa,
1146 605 1173 646 et
1184 597 1232 646 iruo
1244 599 1386 662 gennsslii,

291 677 360 728 boue
376 677 444 726 idem
463 677 570 741 scripsit
585 676 647 725 ibid.
660 691 680 726 ι.
697 680 722 726 2.
739 674 818 725 falsos
855 673 964 736 aiiteque
983 679 1071 734 pestes
1082 671 1185 736 generis
1197 673 1311 729 immani,
1329 673 1383 722 bia·

290 753 413 803 murenis
430 751 540 818 eoquod
555 754 660 802 Martius
671 767 773 818 quoqne
782 767 818 802 ex
855 748 895 810 gis
916 747 1027 808 accensi,
1044 755 1072 796 at
1089 747 1215 797 execrati.
1248 747 1383 809 liisgorunr

290 828 442 879 concubinis
454 828 588 878 &ternodi
599 827 625 877 id
637 828 762 878 tributum
773 842 819 876 ex·
855 823 951 886 triplex
967 836 1047 886 penus
1062 829 1129 872 erat.
1160 821 1242 871 Primi
1258 819 1333 870 inere
1345 836 1384 871 sa·

289 902 399 965 istimat,
411 901 498 953 serbis
509 902 662 966 interpretis
675 901 818 952 ilerodiaul
856 897 961 960 ptesrte
972 895 1098 960 magistri,
1114 893 1256 945 doctissimi
1263 896 1343 958 jrrsta
1354 910 1384 946 ac

289 991 340 1027 non
358 976 570 1039 rectsscceptis.
602 977 725 1026 Sicenim
741 977 818 1027 iiior.
855 973 932 1037 piane
944 972 1025 1022 sobrii
1042 971 1165 1035 siccique,
1179 978 1208 1021 ut
1226 971 1269 1034 qni
1286 978 1384 1033 preter

289 1056 331 1102 bb.
347 1051 401 1100 ‘sic
413 1057 442 1100 ut
458 1057 554 1113 prater
570 1051 655 1112 ignem
666 1063 755 1100 omnes
773 1051 819 1100 bo·
854 1046 964 1096 i'sriuam
976 1047 1085 1096 stalera
1096 1045 1157 1095 nibil
1169 1045 1201 1094 ad
1216 1059 1329 1096 mensam
1341 1045 1384 1095 ad·

288 1140 366 1176 nores
389 1125 460 1176 reiut
476 1125 601 1188 Auguste
623 1124 818 1176 tribuerentur!
855 1122 983 1173 biberent.
1025 1119 1079 1171 Alii
1101 1120 1231 1170 antistites
1244 1127 1281 1176 at
1299 1134 1383 1170 sacer·

287 1201 351 1263 llio,
362 1201 475 1264 inquam,
488 1201 575 1263 Tiraq.
588 1213 639 1248 uon
656 1199 818 1250 animaduer·
855 1198 937 1253 dotes,
950 1198 993 1263 qui
1013 1197 1039 1246 in
1060 1195 1170 1245 Posside
1192 1209 1265 1244 susus
1284 1203 1383 1244 sectans

288 1274 369 1337 tittri
382 1281 472 1338 prater
486 1276 652 1338 exceptivam
668 1287 726 1324 esse
742 1289 818 1326 soca·
855 1279 1066 1335 perseverarunt,
1085 1285 1149 1336 quos
1176 1271 1268 1320 Peren
1289 1271 1381 1334 bispos

287 1348 386 1412 bulum,
401 1350 481 1414 idque
493 1349 570 1413 veile,
585 1356 697 1412 excepto
708 1349 767 1412 ipae
778 1364 818 1398 re·
855 1354 989 1415 rorarunt.
1023 1345 1199 1410 Extremi,qul
1208 1347 1382 1408 melorumge·

286 1423 370 1488 liquos
381 1425 490 1474 bonores
500 1436 558 1474 esse
573 1423 685 1473 tributos
696 1439 704 1484 ς
721 1437 779 1472 nssn
790 1424 817 1472 in
854 1423 955 1472 nicrum
966 1436 1016 1486 ope
1027 1429 1054 1471 et
1069 1435 1149 1485 opera
1159 1419 1235 1470 ratiis
1245 1421 1382 1486 praestigiis

257 1497 260 1503 '
288 1509 425 1556 testnest,
438 1498 648 1563 salamis-spis.
680 1500 816 1550 Porrone·
853 1497 951 1548 animos
968 1496 1113 1548 mortalium
1126 1496 1326 1560 suspenderunt,
1345 1497 1382 1547 io·

286 1575 343 1625 scia
354 1589 430 1639 quem
438 1575 597 1640 (cedrenum
609 1575 688 1636 forte,
696 1589 728 1623 an
736 1575 816 1624 Eure·
853 1581 954 1635 serunt,
966 1573 1062 1636 sepius
1073 1572 1151 1620 etiam
1168 1578 1381 1632 anteverternnt3

288 1648 371 1714 bium)
384 1659 488 1700 secutus
505 1650 637 1703 ditissiod.
648 1651 744 1700 Cbron.
757 1664 817 1698 auc·
853 1664 961 1715 quornm
973 1647 1151 1712 magismsiss
1166 1654 1235 1696 artes
1256 1648 1383 1696 continet.

287 1734 330 1775 tor
340 1725 366 1774 in
378 1725 552 1790 descriptione
563 1726 633 1776 uste
644 1725 725 1775 tradit
736 1724 817 1774 Nem·
853 1725 1032 1786 laudationem
1044 1725 1140 1788 Magire
1160 1724 1300 1775 zoroastro
1316 1725 1382 1774 Bac·

286 1800 365 1850 brotb
381 1807 440 1864 post
451 1801 628 1852 confusionem
638 1800 815 1863 linguarumin
854 1799 993 1851 trisuorum
1014 1800 1070 1862 regi
1087 1800 1205 1848 emtsdtn
1221 1799 1381 1849 adscribunt.

201 1918 205 1926 .
286 1875 421 1924 Persidem
442 1878 590 1934 secessisse,
612 1877 699 1941 ibique
716 1877 814 1924 cultum
854 1877 894 1926 lle
918 1875 1098 1926 inventoribus
1120 1875 1210 1939 magia
1238 1875 1382 1924 luculenter

284 1949 352 2012 ignis
364 1951 514 2002 instituisse.
531 1951 639 2000 Freissi.
852 1951 985 2012 Peresius,
1011 1949 1166 2011 Brissonius,
1190 1949 1306 2000 Delrius.
1349 1949 1382 1999 in

318 2025 388 2085 Ignis
399 2040 468 2087 quem
477 2040 571 2074 maresa
586 2032 609 2076 et
619 2023 744 2086 menam]
761 2023 815 2075 Au·
852 2025 1014 2075 Persicorum
1034 2039 1163 2089 msgorurn
1181 2025 1319 2089 discipline
1335 2025 1380 2074 de·
1399 2037 1403 2042 ·

284 2096 358 2162 tique
370 2100 493 2162 reiigione
508 2101 616 2150 orientis
628 2101 716 2165 popuii
729 2101 815 2164 ignem
852 2100 989 2150 scribenda
997 2099 1322 2156 muitueestbisrceliinus.
1329 2101 1381 2150 Pii·

284 2175 397 2236 coluere,
419 2189 495 2239 quem
521 2190 614 2225 menas
640 2174 765 2226 dicebant
787 2184 814 2225 et
852 2175 918 2236 nius,
928 2175 1055 2224 Clemens.
1072 2175 1148 2225 idern.
1183 2175 1278 2226 Cicero
1290 2174 1380 2224 Dicin.

283 2251 485 2314 atmm,quod
501 2248 574 2300 net'ss
590 2257 660 2300 esset
674 2250 815 2316 exstingui,
851 2263 872 2300 ι.
894 2253 935 2299 2³.
967 2248 1058 2312 ‘Magi
1080 2263 1161 2312 genus
1182 2249 1330 2313 sapientum
1352 2257 1380 2300 et

284 2322 529 2387 nisiregamortno.
558 2325 814 2378 Diodor.Sic.xvrt.
852 2324 1298 2376 doctorumbabebsturinl’ersis.’
1331 2325 1381 2374 Pe·

284 2401 340 2447 tlt.
358 2401 445 2450 Callon
851 2415 897 2452 nes
908 2400 954 2449 isos
966 2407 1023 2448 erat
1038 2397 1201 2459 μαντεύεσθαι.
1213 2399 1239 2447 id
1257 2407 1308 2461 est,
1318 2401 1378 2448 disi·

316 2476 444 2536 Argesteis
450 2474 578 2538 αὕιιιῦιιι]
596 2477 708 2526 Focuiis.
725 2477 813 2526 Xeno·
850 2476 954 2524 nationis
964 2476 1077 2524 studium.
1089 2475 1181 2524 AEiian.
1189 2477 1252 2524 Vsr.
1264 2475 1335 2524 Hist.
1347 2490 1378 2534 ιι.

283 2549 353 2612 piton
377 2551 410 2600 de
430 2551 501 2614 Cyro
521 2554 694 2615 procedente:
713 2553 758 2602 ital
769 2555 815 2618 rip
851 2555 891 2600 lt.
911 2550 961 2616 περὶ
978 2549 1098 2614 ispanias
1120 2553 1178 2600 isaia
1195 2549 1323 2615 διατρίβειν
1341 2551 1380 2600 sai

286 2623 383 2673 baumes
394 2625 466 2673 αὐτοῦ
477 2626 514 2674 ia'
532 2625 637 2691 ἐσχάραι
646 2626 755 2690 μεγάλης
772 2627 813 2676 dr-
851 2627 931 2678 iunias
941 2627 980 2676 nal
988 2627 1070 2689 elixis,
1081 2627 1129 2677 hoc
1140 2635 1180 2676 est
1192 2642 1253 2676 cura
1265 2628 1378 2677 omnium

283 2701 440 2762 dpsseirasro
456 2700 576 2765 piponss.
609 2703 645 2752 Et
658 2704 737 2762 igneus
753 2719 813 2767 porte
850 2715 988 2753 sacrorum.
1019 2702 1132 2766 Diogen.
1151 2701 1240 2751 Ladrt.
1263 2703 1376 2753 Prooem.

281 2775 594 2842 dimissomsrajors'pss'
601 2779 755 2841 sequebantur
766 2781 814 2829 oira'
850 2779 927 2828 Unde
944 2779 1070 2842 Apuleius
1087 2779 1277 2844 Apologetico:
1294 2782 1378 2830 ‘Per-

279 2851 404 2912 geredasi.
436 2852 487 2904 Qui
505 2854 580 2917 plura
591 2853 624 2901 de
646 2854 717 2903 cuitu
735 2855 810 2916 ignis,
848 2867 932 2903 sarum
950 2855 1039 2918 lingua
1056 2868 1143 2918 magus
1160 2863 1210 2918 est,
1227 2856 1272 2920 qui
1291 2865 1379 2906 nostra

280 2927 387 2990 ejusque
412 2928 511 2991 origine
536 2928 641 2992 querit,
664 2928 810 2979 luculentos
848 2927 988 2978 sacerdos!
1006 2929 1093 2978 Ceilur.

281 3002 407 3052 lirissonii
426 3002 633 3053 iocosescutist.
669 3004 810 3052 Desltari·
880 3005 938 3066 §lb
959 3003 1100 3054 Trecentiet
1116 3006 1317 3070 reamisimus]
1336 3006 1378 3056 ild

280 3077 328 3128 bus
340 3085 424 3128 tamen
436 3077 550 3139 dubites,
561 3093 618 3143 qun
629 3077 713 3129 forms
730 3079 810 3132 fuerit
848 3093 980 3128 numerum
1000 3078 1098 3128 diarum
1119 3093 1271 3143 perannum
1292 3095 1380 3132 recur-

279 3153 398 3202 iliorum?
426 3153 495 3202 Reor
514 3154 602 3203 aitaris
624 3153 699 3204 bases
719 3156 809 3218 pinnas
848 3153 968 3202 rentium.
1003 3153 1060 3204 Neo
1077 3153 1177 3218 nriruns,
1194 3155 1219 3204 id
1239 3171 1283 3204 eos
1302 3165 1381 3220 pota·

279 3226 589 3290 fuisse,iu,meclistsmen
600 3242 676 3278 cssss
688 3228 809 3294 sortasse,
847 3227 909 3290 issa,
925 3243 1002 3291 quum
1021 3237 1109 3280 essent
1124 3230 1149 3278 iu
1168 3230 1281 3280 siderum
1301 3231 1382 3281 disci-

278 3303 324 3352 nbi
334 3304 401 3367 ignis
417 3304 548 3364 elebatum
563 3303 715 3354 alsterlbus
725 3305 808 3356 tribus
848 3304 919 3368 plius
938 3305 1130 3354 accuratissime
1149 3307 1255 3356 serrati.
1291 3308 1381 3358 lindie

278 3380 379 3428 tabulas
401 3388 537 3444 argenteas
555 3380 677 3440 creuisse,
697 3395 809 3445 superne
847 3392 929 3428 annus
947 3379 1102 3429 describitur
1119 3381 1145 3430 in
1162 3380 1218 3432 dies
1232 3387 1290 3432 865.
1302 3382 1382 3446 boras

278 3453 350 3501 reiut
368 3454 394 3503 in
407 3456 504 3504 tboium
517 3455 568 3504 ritu
582 3455 698 3505 edicniae
714 3456 809 3506 coeun-
847 3467 903 3514 sert,
921 3468 978 3518 quse
993 3464 1086 3519 quartu
1106 3471 1207 3522 quoque
1222 3473 1291 3508 anuo
1308 3459 1382 3510 diens

278 3532 329 3587 tes,
342 3527 387 3574 sed
402 3528 435 3576 sb
451 3544 502 3578 runs
513 3538 709 3594 partespertas.
728 3532 808 3582 Rada·
846 3529 987 3592 integrant,
1006 3531 1048 3594 qui
1068 3531 1229 3582 intercalaris
1246 3541 1305 3582 est:
1324 3549 1383 3584 mo·

277 3613 328 3649 rss.
846 3614 932 3655 menta
942 3619 1003 3654 vero
1014 3620 1070 3670 qut
1083 3615 1231 3669 supersunt,
1240 3609 1321 3657 certis
1332 3623 1385 3658 an-

310 3674 395 3738 Mogi]
414 3673 471 3723 Vox
493 3691 509 3725 a
532 3673 648 3725 barbaris
671 3676 806 3740 profectas
846 3694 936 3731 nostrus
958 3681 1061 3730 stecuils
1083 3683 1161 3731 etiarn
1181 3682 1257 3732 boras
1275 3692 1303 3732 et
1320 3683 1386 3734 dies

277 3748 360 3798 Erant
379 3749 447 3798 enirn
464 3763 595 3799 sacromm
613 3752 752 3812 antistites,
770 3766 809 3804 re·
848 3753 997 3806 conficiunt.
1041 3755 1117 3804 Unde
1138 3763 1178 3806 tot
1199 3755 1328 3808 fastorum
1353 3767 1389 3810 et

276 3837 336 3885 gum
348 3824 541 3884 moderatores3
557 3833 584 3874 et
594 3826 729 3890 sapientie
741 3827 807 3876 otvi-
846 3837 989 3893 temporum
1007 3830 1200 3881 emendationes
1216 3841 1298 3897 nate,
1316 3850 1386 3886 nas-

275 3914 316 3950 nte
344 3909 370 3950 et
394 3903 510 3952 humente
529 3904 607 3964 periti
633 3904 805 3956 habebantur.
844 3905 1084 3968 cantusquehodie·
1102 3906 1218 3958 Recens.

275 3973 341 4024 inde
354 3977 448 4026 sensim
466 3977 549 4041 capit
566 3979 592 4028 in
607 3979 738 4030 infantiam
750 3996 808 4030 rcr-
876 3980 907 4028 irs
918 3981 1015 4038 lotidem
1026 3981 1086 4038 dies,
1096 3979 1149 4044 qm]
1165 3981 1294 4046 Cbaldrei,
1312 3985 1390 4036 Per·

276 4063 347 4110 gete,
369 4053 536 4116 pessimisque
554 4056 652 4106 artibus
669 4057 805 4120 assignari.
842 4069 888 4118 ste,
909 4057 1032 4113 Armenii,
1053 4056 1169 4120 liebrrei,
1189 4060 1315 4124 AEgyptii
1331 4053 1391 4114 nsa-

275 4123 321 4171 lta
347 4129 434 4176 cuncti
456 4127 588 4190 uenefici,
618 4130 805 4193 incantatores,
843 4133 1393 4200 numtrecentissexagintaquinquedie·

274 4194 403 4263 Thessali,
421 4201 504 4266 aricii,
520 4204 662 4268 aruspices,
678 4205 804 4270 chaldei,
843 4207 889 4259 bus
908 4208 1132 4274 circumscriptum
1150 4210 1303 4277 habebant
1324 4217 1391 4268 nisi
