3025 4892
264 356 329 424 626
475 373 509 431 Q·
533 369 665 421 ouaurr
689 368 780 420 auor
805 350 1142 418 arumnosas.

265 518 487 600 parentesque
515 513 613 580 solvi.
657 511 702 578 Et
716 513 885 597 profiteor,
899 514 933 578 in
949 512 1070 578 eodem
1083 512 1210 579 honore
1230 509 1360 577 futuros

265 637 379 682 omnes
395 635 466 693 eoo,
485 615 521 680 in
543 635 610 698 quo
635 614 778 679 suerunt.
821 614 876 680 19.
891 613 927 678 N
929 633 982 677 am
997 622 1091 678 tuum
1107 613 1359 691 Callisthenem,

266 720 323 784 oui
346 718 405 782 uni
432 717 484 782 vir
498 716 634 794 videris,
649 715 729 799 quia
753 715 841 779 latro
855 733 905 792 as,
919 715 1006 791 saio,
1022 733 1081 777 cur
1095 714 1237 797 produci
1250 714 1335 777 velis
1349 734 1357 778 ε

264 827 303 886 ut
317 839 429 884 coram
443 817 496 882 hia
516 817 652 901 probro,
667 835 745 899 quse
760 813 880 882 modoj
896 817 932 880 in
954 835 1007 880 me
1024 815 1153 899 jecisti,
1171 813 1285 897 [modo
1300 834 1360 879 ao·
1438 813 1441 816 ’

265 921 372 1000 disti‚]
399 920 490 984 illius
519 935 655 1001 quoque
680 937 737 982 ore
763 917 957 982 referantur.
1000 914 1124 994 Quem,
1152 917 1183 980 si
1213 915 1360 981 Macedo
1462 969 1468 974 .

264 1028 365 1099 assat,
377 1026 488 1086 tecum
503 1019 786 1100 introduxissem3
809 1017 1042 1101 dignissimum
1058 1023 1092 1082 te
1104 1016 1272 1102 discipulo
1288 1037 1360 1082 ma·

265 1123 424 1205 gistrum:
458 1139 545 1186 nuno
571 1115 752 1204 Olynthio*
773 1119 952 1184 nunidem
972 1117 1059 1202 juris
1082 1117 1157 1183 est'
1198 1118 1252 1184 2⁰.
1274 1118 1361 1184 Post

264 1224 338 1288 hoec
352 1222 528 1288 eonsilium
540 1221 699 1297 dimisit‘
720 1221 871 1305 trudique
885 1221 1064 1288 damnatos
1084 1219 1287 1297 hominihus,
1301 1219 1360 1302 qni

265 1345 309 1390 ex
324 1324 440 1390 eadem
464 1323 600 1389 cohorte
627 1321 746 1401 orant,'
766 1323 880 1408 jussit.
916 1321 988 1400 Illi,
1010 1327 1049 1387 ut
1069 1319 1167 1385 fidem
1182 1339 1280 1386 suam
1295 1340 1360 1385 sae·

264 1426 348 1491 vitia
361 1425 427 1506 rogi
453 1422 702 1507 approbarent*
716 1423 933 1488 excruciatos
948 1427 1162 1487 necaverunt.
1204 1421 1257 1486 21.
1280 1419 1360 1486 Cal·

264 1528 425 1592 listhenas
449 1544 583 1609 quoque
611 1532 721 1589 tortus
746 1520 908 1605 interiit3¹
936 1523 1008 1587 initi
1034 1521 1166 1586 consilii
1192 1522 1228 1586 in
1256 1527 1360 1605 caput

265 1629 352 1711 regis
376 1628 547 1705 innoxius,
572 1626 632 1692 sod
659 1625 919 1709 haudquaquam
943 1624 1033 1690 aulae
1061 1628 1096 1686 et
1117 1624 1359 1687 assentantium

267 1727 542 1796 accommodatus
565 1727 707 1809 ingenio.
750 1728 804 1792 22.
828 1727 949 1810 Itaque
974 1725 1100 1790 nullius
1120 1723 1231 1789 caedes
1254 1722 1360 1806 majo·

296 1915 309 1948 l
328 1917 361 1966 Ut
372 1918 587 1982 umfloettrerea
596 1919 649 1982 regi
659 1921 808 1970 eandam
818 1923 958 1974 eradelituu
968 1923 995 1974 is
1007 1937 1068 1976 reos

721 2060 903 2083 ΟΝΟΜΜΝ

265 2158 340 2207 vous
350 2160 376 2207 ,a
387 2158 445 2222 ῷά
454 2159 483 2208 de
493 2158 536 2210 ma
568 2157 643 2209 vous
653 2163 679 2208 ,a
687 2160 833 2224 mum
842 2165 868 2212 κ
881 2165 999 2224 Μὴ..
1033 2161 1103 2211 uera
1120 2161 1147 2210 ‘n
1156 2175 1202 2224 w
1212 2159 1358 2220 fumea·-

265 2226 297 2270 19
315 2222 428 2273 Florem.
441 2223 515 2272 Leid.
527 2223 603 2273 Voss.
616 2229 640 2272 1.
651 2224 721 2272 Dan.
732 2230 760 2274 et
768 2226 853 2287 Boug.
864 2225 930 2274 Naar
940 2230 1006 2275 taen
1015 2240 1067 2275 ran
1080 2225 1263 2282 Callisthenem
1281 2225 1358 2275 Voss.

264 2289 289 2334 2.
301 2286 366 2335 Nous
376 2291 443 2335 turea
453 2301 503 2336 esse
516 2287 578 2336 Gall.
611 2285 682 2336 Pith.
702 2288 803 2338 omittit
819 2289 858 2336 esi
875 2295 936 2338 ante
954 2290 997 2338 ani
1004 2305 1015 2348 ,·
1037 2290 1113 2340 Voss.
1127 2293 1151 2339 2.
1162 2290 1201 2338 rai
1211 2289 1255 2338 sai
1265 2289 1360 2346 oiddia,

264 2349 359 2400 omisso
370 2351 414 2401 eir.
426 2351 539 2401 Floreat.
551 2349 623 2400 huid.
635 2359 663 2400 et
674 2352 750 2401 Voss·
762 2356 786 2402 l.
797 2357 822 2402 2.
833 2353 859 2400 s'a
870 2367 907 2402 rae
917 2353 984 2401 node
991 2368 1002 2410 ,·
1016 2353 1085 2405 Dan.
1097 2360 1125 2403 et
1135 2354 1194 2402 l'al.
1205 2357 1229 2401 1.
1237 2353 1362 2402 omittunt

263 2413 289 2461 ia
309 2429 353 2463 mr.
384 2415 459 2464 Voss.
476 2419 501 2464 1.
517 2422 545 2464 et
563 2415 635 2463 Mod.
653 2415 786 2479 omittunt,
808 2417 876 2465 raudo
891 2416 989 2466 aedisti
1021 2417 1089 2467 hier.
1106 2425 1134 2467 et
1150 2416 1206 2466 Col.
1228 2416 1359 2474 Olintieor

264 2476 339 2527 Voss.
360 2483 382 2527 l.
401 2485 429 2527 et
445 2479 506 2528 Bas.
523 2478 705 2529 Olinthia-lu
721 2479 776 2530 Eia.
792 2480 923 2528 roseilmu
956 2481 1032 2531 Voss.
1049 2486 1076 2531 2.
1091 2495 1158 2530 ussa
1174 2481 1273 2530 seruicia
1290 2481 1360 2540 κείς

265 2539 322 2588 Pal.
342 2545 365 2589 1.
385 2556 405 2589 s.
424 2557 444 2590 s.
463 2543 585 2591 reia-21
604 2542 696 2607 Vulgg.
717 2541 778 2594 edd.
793 2551 856 2593 ante
873 2543 1160 2604 Freinshmororuu
1184 2543 1229 2593 sed
1242 2545 1359 2594 Floreat.

264 2603 682 2656 Letd.v0o.1.a.1²rt.1.1)an.
698 2605 760 2656 Ald.
778 2607 863 2657 collo.
880 2607 983 2671 Gryph.
1003 2608 1079 2657 Frob.
1097 2609 1166 2658 ltler.
1183 2609 1244 2656 Bas.
1262 2613 1290 2656 at
1301 2607 1359 2657 Col.

264 2667 389 2716 omittunt
398 2672 461 2718 sate.
495 2669 750 2732 stannaturam
760 2687 770 2727 ,·
786 2671 863 2720 Voss.
874 2675 898 2719 1.
908 2685 1017 2735 aeqasas.
1049 2673 1124 2722 Voss.
1133 2677 1159 2722 1.
1168 2672 1267 2722 omittit
1275 2671 1358 2728 orla,-

264 2743 371 2795 proquo
383 2732 498 2780 Floreat.
511 2731 584 2781 held.
594 2733 669 2783 Voss.
679 2738 701 2784 1.
711 2734 794 2797 Bong-
805 2742 833 2783 et
844 2736 911 2784 Mer.
920 2736 1015 2785 habeut
1026 2737 1095 2785 arola.
1130 2737 1203 2784 Voss.
1210 2739 1234 2786 1.
1246 2733 1360 2796 isgeaiis.

263 2797 327 2844 -11
344 2795 458 2846 Floreat.
469 2795 543 2846 held.
552 2798 627 2849 Voss.
638 2800 661 2845 l.
672 2801 696 2847 2.
708 2798 778 2849 Dan.
788 2797 846 2848 Pal.
859 2804 884 2849 1.
894 2807 922 2848 et
935 2799 1018 2863 Bong.
1028 2799 1118 2850 aatlias
1127 2800 1215 2858 coedis3
1233 2799 1294 2849 Ald.
1306 2800 1359 2846 ast·

755 2941 864 2994 NOTAE

294 3051 302 3098 1
321 3053 381 3110 Qaae
391 3055 469 3120 nodo]
483 3056 550 3108 Qua
567 3062 596 3106 tn
612 3055 680 3120 apud
698 3055 789 3107 Callis·
831 3055 887 3120 lpsl
903 3053 1046 3106 Alexandri
1064 3055 1172 3106 comites
1194 3053 1359 3107 Aristobulns

264 3128 367 3178 thenem
387 3129 500 3180 violarim
519 3129 552 3181 de
571 3145 613 3180 me
635 3145 703 3181 nune
721 3132 790 3182 diee·
830 3131 1026 3182 etl’tolemans
1041 3131 1111 3194 apud
1125 3130 1358 3182 Arrlauumdlrer·

263 3203 319 3265 has,
331 3217 397 3254 nunc
409 3203 492 3269 ipsulm
504 3204 634 3256 dicentem
647 3207 779 3257 audiebas.
830 3221 860 3256 aa
876 3206 998 3270 produnt.
1031 3207 1080 3256 llle
1097 3207 1210 3255 eloctum
1225 3206 1359 3268 eompedl·

295 3277 396 3329 ¹Naae
420 3280 544 3344 Olyathio]
564 3281 629 3330 Gom
648 3283 789 3346 Olynthius
829 3281 1171 3340 omlnexsreimduerum
1187 3290 1359 3344 postremor-

263 3356 307 3419 rit,
325 3369 376 3406 non
389 3355 508 3420 Macedo,
530 3371 580 3406 nou
600 3358 648 3407 hoe
668 3357 705 3406 illl
721 3359 788 3424 juris
831 3359 865 3408 ho
883 3359 1029 3421 luterllrse3
1045 3371 1123 3422 quem
1141 3356 1217 3421 Diog.
1237 3355 1358 3406 hairtins

263 3436 305 3480 est
321 3436 350 3480 ut
367 3431 392 3481 in
405 3431 577 3482 Macedonum
592 3432 728 3484 concilium
745 3433 791 3482 ad·
831 3447 890 3484 oum
909 3435 989 3485 Sulda
1010 3434 1188 3498 pedicularem
1206 3431 1244 3481 sit
1262 3430 1360 3494 faiam

263 3503 391 3554 mittatur.
425 3506 556 3570 Olynthus
577 3507 637 3560 urhs
656 3507 682 3556 ln
701 3508 791 3558 hlaee·
831 3511 881 3560 late
890 3517 987 3560 tortum
998 3524 1029 3559 ae
1037 3509 1150 3572 denique
1164 3506 1303 3572 suspendio
1311 3521 1360 3558 ne·

263 3578 480 3645 doniaqooudam
493 3584 595 3644 nobilis,
611 3585 637 3633 lu
658 3585 792 3648 peninsula
831 3592 937 3635 eatnmr
964 3586 1073 3645 Seneca,
1095 3585 1201 3633 Sonos.
1220 3595 1242 3632 1.
1266 3581 1360 3632 lanera

263 3669 340 3720 qoam
353 3655 493 3720 Singitieus
510 3666 538 3707 et
548 3659 703 3707 'l'orooaieus
720 3660 791 3709 sinus
832 3662 985 3725 traiectum:
1002 3659 1119 3714 Jortiuos
1138 3667 1198 3724 post
1215 3657 1286 3706 varia
1305 3667 1359 3708 tor·

263 3727 387 3780 efficiunt.
421 3731 484 3780 Eam
502 3739 587 3781 tamen
601 3733 719 3784 Thracia
736 3734 791 3799 ple·
830 3742 919 3786 menta
935 3743 1015 3800 epoto
1031 3749 1138 3798 aeneam,
1155 3733 1311 3784 calamitatis
1327 3735 1358 3784 fi·

264 3805 338 3870 rique
351 3813 468 3855 veterum
479 3815 628 3869 accensent,
639 3813 668 3857 ot
680 3818 707 3858 et
718 3823 790 3859 mon·
830 3825 890 3862 nem
900 3812 1039 3876 quaesisse:
1057 3809 1228 3860 Philostratus
1244 3807 1360 3860 ahlace·

264 3885 316 3929 tom
329 3881 425 3944 Athon,
435 3889 463 3932 et
481 3883 566 3933 vicina
582 3883 613 3933 iis
630 3885 706 3947 loea;
721 3885 790 3952 qnod
830 3884 950 3948 donibus,
968 3885 1036 3950 quod
1052 3900 1097 3936 eos
1113 3886 1298 3949 vituperasset,
1318 3883 1358 3933 in·

263 3952 459 4020 hacquoudam
479 3959 565 4008 omnia
581 3959 694 4010 Thraces
712 3974 789 4011 occu·
831 3959 981 4021 terfectum,
998 3963 1049 4011 dre.
1080 3959 1204 4025 Plerique
1224 3974 1313 4010 omnes
1329 3959 1358 4010 iu

263 4031 393 4092 paverint.
635 4087 639 4096 ,
829 4049 911 4085 esses
920 4036 1124 4086 circumductum
1136 4035 1168 4086 ad
1179 4035 1358 4100 spectaculum

296 4103 304 4138 ¹
319 4107 404 4159 Torius
412 4107 517 4175 iatsrdt]
527 4109 623 4176 Magna
634 4109 790 4175 scriptorum
829 4112 966 4176 scripsere.

264 4179 390 4234 dissensio
417 4184 449 4236 de
471 4190 563 4238 mortis
584 4186 659 4250 hujus
686 4200 790 4251 gauere.
