3025 4892
308 373 394 440 1138
658 385 767 435 rioms·
790 383 992 433 versorum
1017 382 1055 430 rm

304 549 375 610 gem
388 529 554 608 liberosque
569 547 639 588 suos
654 527 814 606 impensis:
835 526 871 585 iis
891 527 970 586 euim
992 525 1091 595 ritem,
1113 531 1144 583 ct
1166 522 1282 604 pristini
1304 530 1403 582 status

307 623 499 684 reverentiam
522 621 754 702 dignitatemque
775 638 970 681 concessam:
1000 622 1050 679 28.
1075 620 1131 678 sibi
1145 630 1244 678 autem
1259 638 1277 677 a
1290 637 1405 697 cogns·
1497 650 1498 667 .

303 720 346 798 tis
361 729 449 798 atque
463 719 575 791 amicis,
590 717 697 797 quibus
712 727 743 776 et
754 736 846 795 regna
860 727 890 775 et
903 716 993 774 vitam
1007 715 1133 786 dederit,
1144 715 1195 773 ills
1205 713 1306 773 omnia
1318 733 1404 792 erep-

306 825 339 874 ta
353 833 419 874 esse
433 833 440 872 :
461 813 574 897 precari
589 833 632 883 se,
645 824 679 872 ut
693 810 735 870 illi
749 811 852 902 victori
867 820 1007 870 terrarum
1021 812 1150 870 omnium
1164 809 1317 888 imperium
1330 827 1403 867 eon·

306 909 413 988 tingat.
441 905 606 968 'Ultiouem
621 907 741 970 sceleris
757 925 828 986 erga
842 926 874 966 se
888 908 1058 987 perpetrati,
1080 926 1139 966 non
1157 905 1253 965 solum
1267 923 1332 976 sus,
1347 903 1401 963 sed

307 1005 444 1084 exempli,
459 1006 647 1086 omniumque
663 1023 765 1081 regum
779 1022 880 1075 causa,
895 1022 955 1063 uon
976 1003 1137 1082 negligere,
1157 1001 1200 1061 illi
1220 1021 1288 1060 cum
1313 999 1403 1060 deco·

310 1120 384 1174 rum,
399 1101 545 1161 tumutile
560 1100 712 1160 futurum!
755 1101 807 1160 29.
831 1100 959 1177 Jamque
971 1089 1111 1160 deficiens
1125 1116 1232 1177 uquam
1245 1097 1400 1176 poposcit:
1479 1098 1483 1106 '

309 1214 397 1274 quam
413 1195 532 1255 allatam
547 1204 703 1275 postquam
717 1194 800 1265 bibit,
812 1193 992 1272 Polystrato,
1005 1195 1056 1275 qui
1069 1213 1135 1253 enm
1147 1192 1272 1252 tulerat:
1287 1199 1297 1227 ‘
1311 1192 1401 1260 Quis·

307 1291 421 1371 quises
436 1291 600 1350 mortalium
605 1291 624 1364 ,⁹
643 1290 749 1368 inquit,
771 1289 846 1349 ‘hoc
861 1289 932 1350 mihi
945 1300 1107 1349 extremum
1122 1289 1267 1348 universes
1281 1287 1404 1346 calami·

309 1388 378 1445 tatis
394 1407 488 1465 genus
504 1385 622 1459 accidit,
635 1395 669 1445 ut
683 1406 736 1465 pro
752 1396 835 1446 tanto
850 1386 880 1444 iu
894 1406 941 1446 me
955 1386 1097 1446 beneficio
1111 1384 1219 1464 dignas
1233 1382 1288 1443 tibi
1302 1394 1402 1461 grutem

308 1483 415 1544 referre
430 1503 572 1563 nequeam
586 1503 595 1550 ς
618 1492 648 1542 at
669 1481 776 1542 referat
791 1482 978 1542 Alexander:
1000 1481 1169 1543 Alexandro
1182 1499 1251 1539 vero
1266 1478 1324 1550 Dii,
1344 1497 1399 1555 pro

309 1577 373 1656 ejus
388 1598 502 1638 summe
517 1580 547 1637 in
562 1598 643 1638 meos
657 1579 841 1640 humanitate
854 1598 889 1639 ae
903 1578 1070 1638 clementis.
1117 1579 1166 1636 30.
1193 1576 1249 1634 Cui
1263 1574 1319 1633 hoo
1329 1574 1399 1632 fidei

308 1673 397 1752 regius
422 1675 543 1735 unicum
572 1675 684 1734 dextrm
709 1676 817 1754 pignus
837 1695 891 1754 pro
918 1694 965 1734 me
986 1674 1093 1735 dabis:
1148 1673 1222 1731 lime
1242 1670 1401 1740 dicentem,

309 1779 433 1849 accepta
453 1769 612 1852 Polystrati
631 1789 732 1841 manu,
753 1771 814 1860 site
837 1769 983 1830 destituit.
1023 1773 1073 1830 31.
1094 1769 1210 1838 Quibus
1229 1764 1400 1825 Alexandro

309 1865 463 1938 nuntiatis,
478 1863 515 1926 ad
530 1885 637 1944 corpus
653 1865 799 1925 demortui
812 1865 996 1945 perveniens,
1010 1876 1071 1925 tam
1083 1863 1236 1944 indignam
1250 1860 1301 1920 illo
1314 1860 1402 1924 iasti—
1492 1892 1499 1911 .

309 1959 359 2036 gio
382 1971 505 2019 mortem
525 1960 662 2040 lucrymis
683 1970 857 2039 prosecutus
879 1971 945 2020 est:
978 1959 1136 2043 ‹lemtsque
1156 1961 1210 2018 sibi
1233 1956 1403 2036 chlamyde,

310 2071 418 2132 eorpus
434 2053 512 2112 illius
526 2055 672 2112 contexit:
695 2063 784 2132 atque
798 2056 879 2133 regio
893 2066 1028 2114 ornatum
1042 2057 1134 2129 cultu,
1155 2055 1193 2114 ad
1208 2066 1332 2113 matrem
1348 2053 1404 2130 Sy·

311 2147 466 2224 sigsmbin,
476 2149 573 2228 patrio
586 2149 728 2227 regioque
743 2165 823 2211 more
835 2149 1048 2230 sepeliendum,
1060 2162 1148 2230 atque
1158 2149 1245 2229 regiis
1256 2148 1402 2228 majorum

312 2261 432 2302 suorum
446 2243 566 2302 tumulis
581 2243 766 2304 inserendum
781 2245 870 2306 misit.
902 2290 906 2300 .

342 2439 398 2500 §2⁶
413 2437 675 2502 spissescentem]
694 2437 764 2487 ilinc
773 2453 836 2503 qus·
875 2440 955 2489 etlssn
967 2439 999 2488 de
1010 2440 1130 2504 Scipione
1143 2440 1170 2488 in
1180 2436 1285 2488 excidio
1295 2437 1404 2487 Certiss-

309 2527 360 2578 qne
383 2513 570 2576 deprehendes,
590 2514 646 2563 hnc
668 2528 717 2564 non
741 2529 798 2564 esse
820 2530 836 2566 s
875 2515 942 2578 ginis
955 2513 1081 2577 proditur.
1099 2514 1211 2564 Freimls.

309 2587 409 2648 Curtio,
419 2588 487 2650 sputi
496 2603 570 2652 quem
581 2589 665 2652 paullo
674 2603 750 2651 snpra
761 2593 835 2639 ιιι.
909 2589 1049 2654 Giismyde]
1068 2589 1142 2638 Idem
1158 2591 1184 2638 iu
1202 2588 1327 2638 Marcello
1337 2586 1404 2637 lecit

308 2667 333 2710 ὅ.
350 2661 455 2726 legitur,
473 2661 560 2712 ‘haud
582 2663 653 2712 rudis
670 2663 773 2714 Groeere
790 2665 836 2714 lin·
876 2663 988 2714 Annibal
1007 2665 1075 2728 spud
1096 2664 1231 2714 Plutarch.
1249 2663 1331 2711 Mare.
1346 2677 1404 2724 csp.
1491 2658 1499 2677 ⁴

309 2749 367 2798 gum
380 2737 493 2786 Darius!
504 2737 612 2786 Freinsh.
875 2743 916 2786 tis.
927 2744 955 2787 et
966 2738 1024 2788 vrt.
1035 2740 1107 2788 illas.
1118 2752 1144 2788 ν.
1157 2742 1181 2788 l.
1192 2743 1218 2787 6.
1228 2746 1283 2787 ert.
1301 2737 1309 2763 ‘
1322 2737 1402 2787 Puni·

341 2812 399 2875 §28
417 2812 538 2875 Exempli]
559 2812 625 2862 Vide
644 2817 729 2860 notam
749 2826 836 2861 amun·
875 2827 958 2874 eoque
975 2813 1016 2878 (id
1030 2823 1072 2863 est
1088 2811 1242 2876 ‘puniceo')
1260 2813 1357 2876 sagulo,
1375 2821 1401 2860 et

309 2886 400 2935 tissimi
411 2888 494 2936 soceri
506 2885 538 2935 sd
549 2887 678 2937 tustinum
691 2898 731 2935 ιι.
744 2891 784 2936 ts.
795 2890 835 2936 1⁰.
874 2905 969 2940 corone
989 2891 1111 2941 donatum
1133 2892 1220 2940 lsnres
1240 2905 1306 2954 rogo
1322 2891 1398 2952 impo-

310 2962 378 3011 uurle
389 2962 444 3010 trec
456 2961 584 3011 desumto.
600 2961 708 3010 Freinsh.
876 2965 946 3015 soit!
978 2966 1030 3015 Ubi
1050 2967 1134 3016 obiter
1152 2966 1266 3015 rescribe
1284 2963 1399 3025 ‘aurem'

341 3039 396 3100 §st
413 3036 543 3101 Lsrrisdr]
561 3037 688 3088 Notatum
705 3036 731 3086 id
742 3037 768 3086 ln
780 3037 835 3088 eliis
876 3041 914 3089 sle
923 3041 992 3090 enim
1001 3041 1168 3090 Plutarchum
1179 3042 1205 3090 in
1217 3041 1291 3089 libris
1297 3039 1403 3098 Valerii,

309 3125 419 3174 quoqne,
433 3125 477 3159 eos
489 3112 655 3160 illacrimssss
667 3109 741 3160 uictis
757 3111 837 3161 hosti·
876 3127 933 3163 nsm
944 3115 1028 3178 ipsum
1039 3117 1161 3178 inspexit,
1172 3117 1277 3177 legisse,
1286 3125 1313 3164 et
1329 3115 1402 3163 Grn-

310 3189 368 3237 bus.
401 3189 469 3238 Vide
484 3202 563 3251 suprs
579 3187 611 3235 sd
626 3200 670 3239 sss.
688 3191 728 3238 1².
738 3191 763 3237 u.
794 3189 837 3237 Sic
876 3189 914 3238 cis
923 3190 1009 3240 verbis
1020 3189 1234 3249 ambiguumesss
1245 3203 1294 3238 non
1306 3197 1403 3253 potest,

309 3261 836 3314 Eumenes·credecrsterinuntistssd·
876 3261 915 3313 not
935 3264 1041 3328 χρυσοῦν
1061 3266 1172 3324 ἐμβαλὸν
1191 3263 1317 3326 ntem.
1348 3264 1403 3313 Sed
1497 3280 1498 3303 t

308 3345 399 3390 sectus
410 3339 442 3388 sd
459 3345 616 3401 sumetque
634 3336 677 3386 ubl
695 3337 835 3399 spirantem
875 3339 908 3387 ile
919 3338 1068 3403 chlamyde:
1087 3340 1187 3403 pridem
1200 3339 1313 3389 Aunibsl
1322 3339 1405 3388 AEsni-

309 3415 439 3463 etmentis
456 3418 604 3477 compotens
620 3411 774 3476 sidit,equo
790 3412 835 3464 ‹le-
875 3414 937 3463 lium
955 3413 1078 3464 funerans
1098 3417 1170 3478 apud
1188 3414 1278 3465 Silium
1300 3427 1328 3463 x.
1343 3418 1405 3464 669.

308 3485 750 3550 lspsusillscrimsrit,dextramque
762 3487 835 3561 eiiu-
874 3485 1022 3550 ‘fulgentis
1043 3489 1130 3552 pingui
1150 3489 1251 3538 Murice
1271 3488 1405 3551 suspirans

302 3561 388 3626 jecit!
421 3561 551 3610 Plutarch.
562 3561 671 3609 Eumen.
682 3575 705 3610 e.
718 3565 757 3610 1⁸.
778 3561 836 3611 Nee
875 3561 949 3613 inicit
970 3563 1107 3623 velamine,
1128 3571 1156 3612 et
1180 3576 1244 3611 suro
1268 3563 1405 3613 intextam

309 3637 418 3688 silenum
438 3643 488 3697 cst,
506 3635 574 3700 quod
597 3635 835 3684 deminuerit·
875 3635 1054 3699 chlamydem!
1085 3636 1128 3686 Sic
1146 3636 1273 3685 Antonius
1289 3637 1407 3686 Brutum

309 3712 389 3762 refert
403 3711 461 3762 Vsl.
476 3711 549 3760 Mas.
559 3724 586 3758 v.
605 3714 629 3774 1.·
637 3713 662 3759 4.
681 3723 739 3760 eum
750 3711 835 3773 ceptis
873 3710 1017 3759 honorarit.
1033 3711 1167 3761 Plutarch.
1179 3713 1241 3760 Aut.
1251 3725 1310 3775 esp.
1320 3714 1364 3761 28.
1378 3720 1408 3762 et

309 3799 364 3836 sse
376 3785 509 3850 Syracusis
527 3782 635 3832 ‘fletum
652 3783 774 3833 cohibere
785 3797 836 3833 non
875 3785 960 3835 Bruto
982 3801 1040 3850 esp.
1050 3791 1093 3836 ts.
1112 3787 1255 3837 Alexandri
1277 3787 1407 3838 tnsnulurn

308 3861 432 3924 potuisse.
455 3874 530 3924 quern
552 3859 573 3908 si
594 3859 650 3923 quis
672 3859 774 3921 ignaras
796 3860 836 3908 sir
875 3860 1102 3927 Csracallusspud
1123 3861 1300 3914 Herodianum
1312 3876 1353 3914 rr.
1367 3868 1410 3914 1⁵.

308 3935 385 3998 Uene
401 3933 468 3998 seri)
484 3934 653 3998 adspexisset,
663 3933 770 3982 alterius
782 3935 835 3982 sie·
875 3935 985 3988 Freissl.

310 4009 647 4114 torismessseredidjsrst.’
670 4009 834 4075 Atqneidem
