3025 4892
257 385 322 451 642
467 403 501 462 ο.
526 399 658 450 cunrrr
683 399 776 448 nuri
800 399 871 450 cru.
894 399 977 447 vrrr.
999 400 1081 448 cru.
1103 384 1163 452 10..

259 545 384 628 regioni
397 544 540 628 orbique
556 550 696 627 praeernt
711 549 819 608 meter
833 544 907 627 ejus
920 542 1101 626 Cleophes.
1135 543 1189 608 23.
1203 543 1355 628 Triginta

258 647 365 712 millio
380 647 532 731 peditum
547 645 721 712 tuebuntur
733 647 860 724 urbem,
874 666 940 710 non
954 645 1020 709 situ
1038 646 1158 723 solum,
1173 647 1235 711 sed
1251 649 1354 715 etium

257 769 361 832 opere
389 748 561 814 munitum.
615 746 705 810 Nam
736 767 805 830 qua
835 754 969 830 spectat
997 746 1181 825 Orientem,
1210 750 1355 832 cingitur

257 871 354 919 omne
379 851 529 926 torrenti,
557 849 616 932 qui
644 851 823 932 praeruptis
853 853 1016 934 utrimque
1043 851 1126 933 ripis
1155 853 1285 918 aditum
1309 855 1354 919 ad

258 955 374 1020 urbem
395 951 553 1034 impedit:
576 951 629 1015 24.
650 950 692 1015 ed
715 951 939 1017 Occidentem
962 960 998 1016 et
1012 972 1034 1016 a
1050 953 1192 1023 Meridie
1206 953 1354 1020 velutde

257 1053 422 1120 industrio
443 1071 542 1135 rupes
565 1053 721 1134 prroeltns
743 1053 930 1118 admolites
947 1059 1064 1118 nature
1084 1042 1148 1130 est,
1158 1024 1254 1119 infru
1267 1072 1354 1138 quus

258 1175 409 1223 cuvernee
438 1159 471 1217 et
500 1154 673 1234 voragines
702 1154 804 1236 louge
831 1161 997 1220 vetustate
1028 1156 1062 1220 in
1089 1157 1192 1220 ultum
1223 1163 1354 1222 cevetae

253 1258 389 1342 jacent:
410 1273 545 1339 queque
559 1253 728 1331 desinunt,
737 1253 833 1317 losse
847 1258 989 1334 ingentis
1005 1257 1120 1339 operis
1135 1257 1270 1339 objectu
1286 1264 1350 1320 est.

259 1373 386 1424 xxxv.
413 1354 542 1420 stadie·
565 1354 788 1417 murosurbis
810 1355 1054 1437 complectitur,
1077 1359 1174 1442 cujus
1196 1358 1354 1422 inferiore

258 1479 357 1536 saxo,
373 1457 545 1540 superiora
563 1454 666 1517 crudo
684 1455 787 1519 latere
806 1462 882 1521 sunt
899 1462 1033 1520 structe.
1076 1455 1133 1521 25.
1155 1458 1267 1525 Lateri
1282 1459 1353 1522 rin·

259 1561 367 1626 culum
382 1555 514 1639 lapides
531 1558 617 1630 sunt,
633 1573 719 1635 quos
734 1555 979 1637 interposuere,
1000 1564 1039 1620 ut
1061 1556 1186 1621 duriori
1202 1561 1352 1624 muterioe

255 1659 383 1742 fragilis
397 1657 612 1732 incumberet,
628 1655 794 1739 simulque
808 1664 898 1722 terra
909 1658 1048 1722 humore
1061 1657 1176 1722 diluta.
1218 1659 1272 1724 26.
1295 1659 1352 1726 Νο

258 1769 370 1828 tumen
384 1760 542 1824 universo
563 1756 780 1835 consideret*
798 1758 967 1842 impositee
982 1763 1076 1822 erent
1096 1759 1206 1822 trebes
1218 1759 1352 1838 validm,

258 1865 382 1949 quibus
398 1861 521 1945 injectu
535 1860 685 1924 tabulata
699 1878 813 1924 muros
828 1865 862 1928 et
885 1861 1051 1942 tegebant,
1064 1863 1099 1922 et
1111 1860 1246 1941 pervios
1260 1861 1351 1926 sece-

256 1971 340 2032 runt.
384 1965 437 2028 27.
460 1961 549 2026 Haec
576 1959 780 2026 munimenta
805 1961 1085 2044 contemplantem
1110 1959 1350 2044 Alexandmm,

256 2066 455 2149 consiliique
468 2063 644 2138 incertum,
658 2060 740 2143 quia
754 2081 816 2126 nec
829 2080 991 2126 oevemao
1006 2063 1071 2126 nisi
1085 2081 1203 2144 uggere
1217 2070 1351 2145 poterut

256 2166 406 2250 implere,
420 2185 482 2230 nec
497 2169 662 2228 tormenta
676 2163 771 2228 aliter
782 2161 884 2227 muris
894 2163 1086 2240 admovere,
1098 2163 1233 2246 quidem
1247 2183 1267 2229 ο
1281 2187 1351 2232 mu-

257 2289 297 2334 ro
312 2267 434 2350 regilla
453 2265 633 2350 percussit.
676 2263 730 2327 28.
753 2263 868 2342 [Turn]
890 2264 977 2328 sorte
996 2265 1153 2332 insuram
1168 2264 1286 2331 incidit
1301 2275 1351 2332 te-

259 2371 344 2435 lum:
374 2367 470 2451 cujus
486 2364 617 2449 spiculo
632 2365 748 2428 evulso
772 2365 964 2430 ‘admoveri
978 2364 1120 2448 equum’
1137 2365 1265 2449 jussit3
1281 2388 1349 2450 quo

260 2479 387 2546 vectus,
410 2487 451 2531 no
477 2467 627 2550 obligato
648 2464 784 2548 quidem
804 2465 952 2544 vulnere,
974 2466 1062 2531 hund
1088 2466 1222 2548 segnius
1245 2467 1350 2534 desti-

285 2683 301 2725 s
313 2683 439 2734 Proeceirir
448 2682 516 2732 noxie
525 2681 605 2732 oriem
615 2683 699 2731 cinxit.

286 2755 300 2788 ¹
318 2747 357 2796 Ne
368 2749 453 2797 lolem
463 2747 530 2796 crudi
538 2747 619 2810 pluvio
630 2745 695 2796 exeri
703 2745 797 2810 penitus
806 2747 985 2797 mundamur.

713 2889 726 2911 Ι
729 2888 890 2911 namuco

215 3001 220 3010 '
257 3007 334 3056 Voss.
344 3009 368 3053 2.
378 3011 405 3055 rt
415 3003 476 3054 edd.
487 3003 574 3056 multu
586 3003 694 3066 regioni:
705 3019 813 3068 quoqm
830 3005 899 3056 Mer.
910 3010 938 3055 et
947 3003 1004 3057 Coi.
1015 3004 1108 3067 regioni
1115 3005 1212 3068 stipor:
1229 3004 1312 3068 Bonss.
1326 3010 1348 3056 1.

256 3073 281 3121 2.
293 3076 320 3118 et
331 3069 412 3132 Lugd-
423 3075 449 3117 ut
462 3067 488 3116 in
501 3075 589 3128 tortu3
614 3070 690 3118 Voss.
703 3074 728 3117 2.
740 3068 833 3130 regioni
843 3085 875 3118 u:
891 3085 936 3132 οιο
954 3073 1132 3132 praerat-2³
1151 3069 1263 3118 Florem.
1274 3068 1348 3118 Leid.

256 3133 332 3182 Voss.
353 3137 375 3181 l.
393 3137 417 3181 2.
434 3131 956 3190 Col.Ald.etBes.XXXV1!l.nrillin;
974 3133 1044 3182 Pirh.
1059 3133 1150 3181 XXX.
1162 3137 1184 3181 et
1201 3131 1277 3181 Vill.
1294 3133 1349 3181 mii-

255 3197 297 3246 lio.
330 3197 400 3246 Mer.
419 3196 638 3260 omittitqrrinnte
654 3199 790 3260 prerupto.
824 3197 892 3247 Edd.
912 3210 1000 3246 omnes
1018 3205 1080 3245 rure
1099 3195 1215 3244 Freinrlu
1234 3193 1350 3258 rupibus,-

255 3259 333 3310 oodd.
351 3274 412 3308 vero
431 3267 458 3309 et
474 3259 533 3308 edd.
551 3267 661 3308 recenti.
680 3261 814 3323 ripis-24
831 3260 927 3323 Vulgg.
947 3268 1008 3310 rute
1026 3259 1141 3308 Freinsh.
1157 3262 1187 3308 ab
1206 3260 1333 3308 Occidente
1339 3276 1349 3316 ‚·

254 3325 372 3374 Florenr.
386 3323 459 3374 Leid.
470 3324 545 3373 Vorr.
556 3327 579 3373 l.
590 3329 614 3374 2.
632 3324 688 3372 Pul.
701 3328 724 3372 l.
734 3325 806 3374 Dun.
817 3324 902 3387 Bong.
917 3325 987 3374 Mer.
998 3333 1025 3374 er
1037 3324 1097 3374 edd.
1107 3332 1216 3373 recentr.
1232 3326 1263 3372 nd
1276 3324 1346 3371 Occi·

254 3391 356 3438 dentem.
374 3389 448 3438 Vom-
467 3391 493 3438 2.
509 3392 560 3437 ctu
575 3387 711 3449 Meridiem,
727 3395 754 3436 ct
771 3388 849 3451 punio
901 3397 940 3438 rt:
958 3405 1004 3464 qno
1019 3389 1286 3438 desitutmlduem
1303 3392 1349 3452 ml.

254 3450 586 3514 Prouricm,quodi1rbeur
598 3465 686 3501 omnes
698 3451 759 3502 edd.
770 3459 798 3501 et
807 3453 855 3502 cod
877 3486 884 3503 .
897 3453 1126 3516 plumarimum
1137 3451 1253 3498 Florent.
1264 3449 1349 3499 edinit

254 3513 480 3564 &iruuenden-25
499 3517 576 3566 Voss.
588 3521 613 3565 2.
624 3515 722 3565 omittit
731 3515 857 3565 uinculum.
891 3523 898 3544 ¹
908 3517 986 3566 Haud
997 3515 1075 3563 dubie
1086 3527 1119 3560 ex
1132 3513 1217 3572 glum
1226 3520 1265 3562 ert
1273 3513 1349 3563 runt?

253 3578 349 3626 Borlre.
366 3579 480 3627 Floreut.
493 3577 565 3626 [reid.
575 3579 650 3626 Voss.
660 3581 759 3628 1.Deu.
771 3588 799 3628 et
808 3581 874 3630 Mer.
886 3585 975 3628 terrum
986 3577 1082 3625 tumore
1092 3577 1268 3625 dilutum-26
1276 3576 1346 3626 Dru.

255 3648 283 3691 et
295 3639 351 3691 Pel.
365 3647 388 3691 l·
402 3643 455 3690 Nou
466 3645 553 3690 tomen.
588 3641 679 3689 Multae
693 3641 753 3690 edd.
772 3644 927 3705 interpositu.
962 3641 1079 3690 Freinrh.
1090 3639 1216 3689 melebet:
1232 3642 1349 3702 munique

253 3719 283 3754 ne
294 3711 314 3755 t.
326 3707 350 3755 h.
359 3707 435 3755 diluto
448 3707 541 3754 tradem
551 3719 575 3753 u.
588 3719 609 3752 r.
621 3705 739 3767 imperita
750 3707 887 3768 trudente.
919 3705 1014 3754 ‘Forte
1024 3719 1073 3768 pro
1082 3705 1203 3762 uniuerso,
1212 3706 1282 3752 cuin
1291 3705 1348 3752 rut·

253 3785 329 3830 emm,
341 3771 380 3818 rel
392 3771 458 3818 tremi
466 3771 584 3830 reprem,
593 3769 634 3816 rel
649 3769 737 3830 pluuiis
747 3771 865 3833 depressa.
899 3770 1036 3818 Columeli.
1047 3782 1088 3817 xr.
1100 3773 1125 3817 2.
1139 3782 1164 3831 p.
1174 3767 1240 3816 ⁸8⁷?
1257 3768 1347 3820 Heia.

256 3833 326 3883 Pirlr.
336 3841 358 3883 et
378 3847 455 3882 murus
466 3831 575 3893 tegebant
585 3848 595 3890 ,·
619 3831 695 3882 Voss.
706 3838 730 3884 2.
740 3839 852 3882 irrumet
863 3833 1031 3894 tegebat—2⁷
1048 3833 1107 3881 Pul.
1120 3837 1144 3881 l.
1162 3834 1349 3882 neuim-

254 3901 286 3947 28
303 3900 374 3948 Mod.
385 3899 478 3963 aliique
490 3898 550 3946 Cum
559 3895 635 3956 sorte.
668 3897 784 3948 Florem.
796 3898 879 3960 Bong.
892 3902 918 3948 2.
930 3899 1009 3946 Voss.
1021 3903 1044 3946 ι.
1060 3899 1144 3946 eodm.
1178 3897 1255 3947 Voss.
1265 3901 1290 3946 2.
1302 3911 1347 3945 nec

744 4039 853 4090 NOTAE

253 4167 305 4205 ιιι.
317 4167 375 4216 cup.
384 4158 410 4204 7.
421 4153 429 4182 ‘
439 4153 625 4217 Cleophldem'
638 4153 762 4218 appeller·
817 4156 920 4221 quoqu
928 4156 1060 4207 rtndiorrnrr
1068 4168 1149 4205 m
1158 4155 1239 4204 rodon
1247 4155 1349 4219 upleo

284 4239 294 4266 ¹
312 4229 429 4282 XXXV.
449 4231 539 4296 undio]
563 4230 652 4280 Alius:
674 4231 778 4292 triginta
817 4232 889 4282 titur.
