3025 4892
252 399 317 469 ote
467 421 500 481 o.
523 417 654 470 cunum
680 419 771 470 surr
795 419 870 470 mu.
893 421 978 470 vm.
1001 421 1083 471 car.
1104 405 1139 472 6.

253 567 465 645 comparatas
491 561 615 630 luisse:
647 571 804 630 auctores
828 566 964 631 scelesti
985 565 1118 631 consilii
1145 583 1232 642 esse,
1261 581 1349 648 quos

253 663 387 727 minime
409 665 557 732 crederet
579 667 661 733 rex?
702 669 756 734 24.
777 669 865 734 Tum
891 669 1072 753 Epimenes
1087 673 1208 733 concta
1231 667 1348 732 ordine

253 765 527 851 consciorumque
542 770 678 833 nomina
692 771 844 853 exponit
885 769 1123 838 Callisthenem
1137 787 1206 832 uon
1219 769 1259 833 'ut
1270 788 1350 852 par·

253 865 389 949 ticlpem
402 866 562 934 facinoris
576 872 783 936 nominatum
796 889 872 936 esse
886 873 1082 951 comtabat3
1104 871 1165 936 sed
1188 871 1348 936 ‘solitum

252 985 427 1050 puerorum
452 972 661 1037 sermonibus
681 973 941 1056 vituperantium
964 973 1277 1055 criminantiumque
1296 991 1351 1036 re·

253 1087 326 1150 gem
340 1069 455 1136 faciles
476 1091 572 1137 aures
586 1073 754 1158 praebere?
796 1075 852 1139 25.
874 1073 1024 1154 Quidam
1043 1074 1219 1159 adjiciunt,
1242 1077 1348 1138 ‘cum

253 1169 459 1237 Hermolaus
474 1173 565 1257 apud
580 1193 656 1240 eum
676 1195 813 1259 quoque
828 1178 1037 1242 verberatum
1052 1195 1091 1241 se
1105 1195 1127 1242 a
1139 1193 1218 1258 rege
1232 1193 1350 1258 quere·

253 1277 355 1349 retur,
383 1271 509 1339 dixisse
534 1273 793 1342 Callisthenem:
825 1278 1018 1342 meminisse
1047 1277 1167 1342 dehere
1191 1293 1252 1340 eos
1274 1276 1350 1359 jam

252 1375 344 1442 viros
355 1392 448 1442 esse:
470 1372 1349 1463 idqueunadconsolandampatientiam¹rerberum,

253 1495 297 1542 en
312 1478 356 1543 ad
371 1477 576 1544 incitandum
592 1479 753 1563 juvenum
777 1479 926 1544 dolorem
950 1479 1078 1544 dictum
1092 1485 1196 1556 esset,
1220 1467 1350 1543 iu'am·

222 1611 225 1616 ·
250 1578 491 1662 bignoluisse!
533 1581 587 1645 26.
610 1579 687 1644 Rex
699 1580 802 1645 animi
814 1581 1032 1666 corporisque
1046 1599 1167 1663 sopore
1182 1578 1350 1657 discusso,

252 1699 329 1746 cum
345 1683 425 1747 tanti
445 1682 597 1766 periculi,
619 1682 710 1765 qood
725 1690 892 1762 evaserat,
913 1684 1025 1764 imago
1040 1680 1149 1748 oculis
1168 1681 1350 1760 coenaret,

251 1779 474 1866 Eurylochum
506 1801 539 1848 ι..
564 1783 701 1848 talentis
732 1791 768 1849 et
794 1785 970 1868 cujusdam
996 1782 1170 1866 Tyridatis
1196 1781 1350 1867 opulenti

250 1881 349 1947 bortis
377 1884 478 1949 donat
505 1885 667 1967 protinus,
701 1884 911 1968 fratremque,
940 1889 1119 1968 autequam
1146 1901 1207 1968 pro
1236 1883 1350 1950 salute

251 1983 329 2068 ejus'
350 1991 553 2068 precaretur,
580 1985 735 2052 restituit.
778 1987 832 2052 27.
864 1987 1011 2054 Sceleris
1040 1991 1151 2052 autem
1180 1991 1351 2062 auctores,

250 2083 402 2169 interque
415 2105 475 2150 cos
490 2084 745 2163 Callisthenem,
758 2086 912 2153 ‘vinctos
927 2085 1116 2153 asservari'
1134 2085 1249 2169 jubet:
1274 2085 1350 2168 qui·

251 2185 316 2258 bus
334 2187 369 2250 iu
383 2187 508 2269 τοςίαω
531 2186 701 2265 adductis,
723 2195 799 2252 toto
822 2188 880 2254 die
903 2195 939 2253 et
956 2193 1057 2254 nocte
1071 2186 1241 2270 proxima,
1254 2204 1350 2253 mero

250 2305 292 2352 ac
307 2288 428 2372 vigiliis
451 2287 590 2373 gravis,t
613 2289 792 2372 acquievit.
835 2288 891 2354 28.
911 2288 1054 2354 Postero
1067 2295 1181 2353 autem
1192 2287 1351 2370 frequens

250 2389 426 2455 consilium
455 2389 618 2467 adhibmt,
647 2389 704 2456 cui
732 2395 846 2474 patres
876 2389 1122 2474 propinquique
1150 2405 1277 2464 eorum,
1305 2387 1350 2454 de

251 2487 376 2573 quibus
405 2492 579 2574 agebatur,
608 2493 811 2572 intererant3
840 2511 884 2556 ne
912 2491 956 2556 de
986 2509 1051 2556 sna
1075 2488 1210 2572 quidem
1238 2488 1351 2554 saluta

250 2592 379 2655 mouri:
404 2592 530 2677 quippe
546 2593 771 2658 Macedonum
782 2609 875 2657 more
887 2592 997 2675 perire
1010 2590 1186 2666 debebant,
1200 2589 1350 2658 omnium

283 2742 295 2777 Ι
314 2746 526 2812 evaporationes
537 2750 629 2816 uigiliis
636 2756 760 2814 amun.

250 2992 377 3053 wiorm-
394 2994 594 3047 Florentiaeid.
612 2997 670 3047 Boo
689 3000 731 3047 .1.
749 2997 807 3046 Pal.
822 3000 846 3045 1.
865 3002 893 3046 et
912 2996 1096 3045 Danaeius-ss.
1129 2989 1213 3055 Logd.
1225 2989 1310 3042 Amat.
1322 2999 1351 3043 et

251 3058 310 3108 alla
322 3067 387 3110 vett.
399 3060 523 3111 omittunt
539 3066 658 3112 rem-tt
701 3075 750 3110 oss.
762 3066 786 3109 2.
801 3060 901 3110 omittit
915 3058 1047 3110 maist.
1080 3056 1139 3108 Pal.
1152 3062 1175 3106 1.
1193 3056 1292 3105 omittit
1308 3059 1350 3110 sod

248 3119 344 3171 sedtum
360 3129 558 3188 φιφτη-16
575 3125 649 3175 Voss.
659 3129 683 3176 1.
702 3125 808 3182 Οιὶᾰαιι
825 3124 944 3187 meast,
962 3131 988 3172 et
1008 3135 1083 3171 mox:
1100 3125 1235 3184 marr
1253 3135 1269 3169 a
1285 3134 1352 3182 rege.

250 3187 364 3236 Floreut.
382 3187 456 3238 held.
467 3189 542 3238 Voss.
553 3191 577 3238 1.
586 3194 613 3238 et
631 3189 714 3252 Bong.
733 3190 858 3239 omittunt
875 3187 1065 3251 seposuitque.
1098 3185 1175 3234 Voss.
1184 3187 1210 3234 2.
1225 3185 1350 3234 mnua-

249 3251 314 3302 um.
348 3250 405 3300 Pal.
417 3253 440 3300 1.
456 3254 597 3315 patientioe
607 3253 738 3302 uotorum.
771 3251 954 3303 did-eilias.
967 3250 1057 3300 &dm
1071 3251 1193 3298 essa-uo
1210 3247 1295 3298 Piera
1315 3261 1350 3298 ue

249 3314 311 3364 edd.
320 3323 382 3364 ante
394 3316 509 3367 Freinrh.
520 3317 659 3366 omittunt:
677 3317 737 3380 quod
747 3321 872 3375 matr
888 3330 936 3380 pro
945 3315 1039 3380 quibus
1057 3313 1169 3362 Floreat.
1180 3318 1208 3360 et
1219 3311 1293 3361 Iaeld.
1324 3324 1352 3359 a·

249 3377 328 3428 beot:
345 3394 390 3444 quo
400 3380 517 3458 marin
533 3381 608 3430 Voss.
620 3384 644 3428 1.
655 3379 715 3456 Ald.
729 3380 808 3429 Frob.
820 3379 886 3430 Mer.
897 3381 959 3430 Bas.
970 3386 998 3429 et
1010 3379 1066 3428 col.
1077 3391 1122 3440 qso
1131 3380 1256 3434 emersu
1272 3376 1349 3452 νοις.

249 3438 1274 3568 {itii‘iiiiiiff'ilrifdiii'i'if1¹3.if¹i?¹1›¹2⁸1¹.‘iiidiuffl‘fiuiiii.
1341 3539 1349 3554 .

250 3575 278 3618 et
289 3569 345 3619 Col.
361 3572 487 3632 opulentis.
520 3573 594 3621 voss.
605 3575 630 3621 2·
649 3571 747 3621 omittit
765 3572 948 3634 matiana-21
965 3569 1049 3632 ungu
1070 3573 1097 3617 et
1115 3567 1201 3616 Amet.
1219 3567 1284 3615 inter
1301 3581 1350 3617 m.

249 3631 309 3683 Pal.
328 3637 350 3682 1.
372 3635 468 3684 omittit
489 3635 588 3684 uinctos.
620 3635 696 3685 Voss.
706 3639 731 3685 2.
747 3634 775 3683 is
791 3635 876 3697 regim
891 3635 976 3685 codex
988 3633 1069 3682 Sunt.
1084 3631 1111 3680 ia
1124 3631 1215 3693 κείω
1230 3630 1351 3691 «mem,-

249 3695 307 3745 Pal.
319 3701 342 3746 1.
361 3698 386 3748 is
396 3713 417 3747 r.
427 3695 543 3748 udonis.
577 3699 652 3747 Voss.
662 3703 687 3748 2.
698 3707 726 3748 et
737 3699 806 3748 Mar.
815 3713 844 3748 uc
854 3703 930 3749 nocta.
963 3699 1040 3747 Voss.
1051 3699 1077 3746 i.
1088 3695 1186 3746 omittit
1195 3693 1350 3758 prusina-

249 3759 281 3810 28
299 3761 365 3812 Edd.
379 3763 465 3825 volup.
477 3771 538 3812 autc
551 3763 668 3812 Freinslu
680 3769 760 3812 mrtem
769 3764 826 3821 dier
842 3763 956 3812 Floreat.
977 3759 1050 3811 beru.
1065 3760 1143 3808 Voss·
1155 3763 1213 3809 1.1.
1248 3757 1309 3807 ΛΜ.
1321 3764 1351 3808 et

248 3827 556 3876 receuttmmittuotdie.
588 3827 645 3875 Etr.
655 3825 740 3876 Amat.
756 3827 800 3875 alii
816 3825 949 3874 mediam
982 3825 1057 3872 Voss.
1066 3828 1093 3874 2.
1113 3823 1209 3872 omittit
1223 3821 1350 3880 mutor,-

245 3889 567 3954 proquopuumuauur.
599 3890 711 3940 Vama.
725 3890 950 3954 pnpiaqsimm,
961 3888 1119 3950 omissoque.
1148 3885 1349 3936 florentine.

740 4013 849 4066 NOTAE

278 4113 286 4148 Ι
305 4113 464 4179 Patientiam]
481 4113 558 4166 Quod
573 4113 675 4163 tullsset
685 4112 780 4162 verbe·
818 4110 852 4160 de
862 4123 894 4160 so
905 4123 1007 4175 quoque
1018 4109 1115 4159 dieitur
1125 4108 1169 4174 qui
1179 4107 1278 4173 aliquid
1291 4121 1352 4174 per·

248 4205 287 4251 rs,
305 4203 355 4238 non
380 4189 448 4252 quod
468 4187 598 4252 patienter
617 4187 729 4249 tolleret,
747 4193 778 4237 ut
817 4185 1006 4253 intorquenda
1017 4185 1194 4251 inpatienter.

248 4266 439 4330 mrisspermm
451 4270 500 4313 err.
529 4260 776 4326 'Patientia'ruim
1177 4267 1182 4274 ·
