3025 4892
269 403 335 470 590
492 421 527 481 o.
551 417 679 469 cusum
706 419 796 468 sues
823 413 897 470 ura.
922 407 1161 472 v111.osr.2.

269 563 325 628 21.
347 563 416 628 Sed
434 560 547 628 editus
572 581 697 646 specus
718 562 847 648 ancipit
863 563 993 643 lneem;
1023 563 1179 630 interiora
1191 565 1258 631 nisi
1271 566 1382 632 illato'

268 666 392 730 lumine
413 665 559 730 obscura
583 672 679 732 sunt:
709 672 895 750 perpetuus
917 665 1095 732 cuniculus
1113 667 1175 732 iter
1189 668 1365 751 prabatio

269 787 422 852 campos,
435 768 586 849 ignotum
599 766 662 832 nisi
678 767 854 852 indigenis.
896 767 951 832 22.
974 768 1024 831 At
1036 767 1242 847 Alexander,
1257 787 1365 853 quau·

268 887 369 952 qnam
384 867 554 950 angustias
568 869 711 932 naturali
726 869 796 932 situ
811 870 955 934 munitos
972 888 1014 932 ae
1029 870 1161 934 validas
1175 889 1275 934 manu
1288 872 1365 934 bar·

268 968 341 1034 bari
361 971 549 1047 tuebantur,
572 975 684 1034 umen
702 969 866 1035 arietibus
884 969 1028 1034 admotis
1049 971 1267 1048 munimenta,
1287 991 1365 1054 quae

267 1089 369 1134 manu
384 1068 543 1152 adjumm
555 1077 658 1147 erant,
678 1072 864 1148 concussit,
885 1069 1067 1153 fundisque
1086 1078 1120 1138 et
1140 1073 1273 1154 sagittis
1286 1092 1365 1156 pro-

268 1173 485 1254 pugnantium
500 1171 678 1255 plerosque
693 1171 837 1255 dejecit:
859 1190 948 1254 qnos
963 1171 1021 1236 nbi
1036 1169 1210 1254 dispersos
1222 1172 1363 1255 fugavit,

267 1273 380 1338 retinas
395 1272 672 1338 munimentorum
688 1291 925 1356 supergressus
940 1271 984 1336 ad
998 1283 1128 1354 petram
1143 1273 1292 1338 admovit
1303 1294 1364 1338 ex·

268 1373 420 1440 ercitum.
472 1373 525 1440 23.
556 1373 709 1440 Ceterum
734 1375 973 1440 interveniebat
999 1374 1135 1451 fluvius,
1162 1373 1363 1440 coeuntibus

268 1477 425 1560 equisex
442 1475 611 1558 superiore
625 1475 761 1557 fastigio
782 1475 817 1539 io
832 1475 955 1540 vallem
967 1495 977 1556 ς
988 1475 1176 1558 :magnique
1189 1477 1301 1559 operis
1313 1479 1364 1541 vi-

268 1577 419 1656 debatur,
433 1583 501 1642 tam
514 1584 645 1642 vastam
654 1578 846 1660 voraginem
857 1577 1004 1661 expiere.
1032 1577 1113 1640 24!
1124 1576 1240 1642 Caedi'
1254 1583 1364 1642 tamen

269 1680 427 1744 ‘arbores
447 1683 481 1744 et
503 1697 591 1744 saxa
612 1675 765 1760 congeri’
782 1677 907 1762 jussit:
928 1678 1110 1760 ingensque
1127 1675 1288 1742 barbaros
1302 1697 1364 1762 pa-

268 1800 342 1857 vor,
365 1781 466 1844 rudes
483 1780 526 1844 ud
548 1779 632 1844 talia
653 1793 768 1863 opera,
789 1788 1021 1857 concusserat,
1041 1780 1222 1844 excitatam
1242 1780 1363 1845 molem

269 1883 382 1948 subito
410 1891 595 1946 cernentes.
637 1881 692 1946 25.
713 1881 835 1964 ltaque
863 1901 934 1959 rex,
964 1881 1010 1946 ad
1038 1880 1242 1946 deditionem
1269 1886 1362 1944 meto

267 2003 369 2066 posse
385 1982 545 2066 competit
559 1989 665 2060 ratos,
681 1981 835 2048 Oxarten
856 1983 949 2048 misit
971 1983 1114 2048 nationis
1127 1981 1290 2065 ejusdem,
1303 1981 1362 2047 sed

267 2082 402 2148 ditionis
417 2103 501 2160 ause,
517 2083 575 2166 qni
591 2082 746 2148 suaderet
765 2085 857 2162 duci,
885 2088 943 2148 ‘ut
957 2083 1101 2150 traderet
1116 2082 1268 2166 petram!
1308 2083 1361 2148 26.

267 2183 404 2250 Interim
419 2184 463 2248 ad
483 2185 668 2266 augendam
691 2185 904 2250 formidinem
923 2191 958 2249 et
973 2191 1077 2250 turres
1091 2184 1362 2264 admovebantur,

268 2293 303 2350 et
316 2305 465 2352 excussa
479 2286 650 2352 tormentis
665 2286 732 2350 teia
747 2288 965 2352 emicabant·
990 2287 1044 2352 27.
1067 2286 1190 2368 Itaque
1205 2287 1362 2352 verticem

265 2393 384 2474 petrae,
401 2388 491 2451 omni
506 2387 573 2451 alio
587 2387 746 2470 praesidio
762 2386 948 2466 damnato!
957 2386 1159 2470 petiverunt
1192 2385 1242 2450 At
1254 2387 1362 2453 Oxar-

266 2499 320 2554 tes
334 2489 499 2572 trepidum
515 2487 789 2572 diffidentemque
803 2489 905 2554 rebus
919 2489 992 2552 suis
1006 2487 1240 2570 Sysimithrem
1254 2490 1362 2571 coepit

265 2589 402 2667 hortari,
418 2594 428 2623 ‘
442 2597 481 2654 nt
496 2587 595 2654 fidem
612 2609 714 2673 quam
729 2588 799 2653 vim
815 2557 1046 2653 ddecedonum
1062 2588 1176 2652 mallet
1189 2589 1336 2670 experiri
1350 2609 1361 2670 ς

266 2711 332 2756 nen
354 2697 537 2755 moraretur
559 2691 806 2756 festinationem
827 2690 966 2756 viatoris
986 2690 1166 2767 exereitus,
1181 2690 1215 2752 iu
1231 2689 1361 2756 Indiam

294 2852 311 2894 s
326 2854 405 2905 Nullis
415 2855 470 2908 otiis
480 2855 630 2912 mudnatis
637 2861 727 2930 confisi.

266 3015 320 3090 απ.
337 3015 377 3090 ¹Si
389 3017 493 3068 Taliteri
505 3019 546 3068 ed.
558 3020 584 3070 in
597 3036 635 3071 us.
646 3023 745 3086 Delph.
756 3025 926 3075 consuluisset
935 3025 1095 3088 Sehmteder,
1111 3027 1192 3078 eoiret
1208 3025 1277 3076 nude
1294 3041 1361 3090 pra·

265 3088 420 3142 posrtronem
440 3093 567 3133 sumserat
586 3085 803 3147 snakenburgins.
837 3088 1175 3142 Florent.1aetd.1)sn.et
1194 3092 1278 3155 Boug.
1293 3097 1360 3152 terge

264 3146 494 3206 petmctosdetnst,·
527 3149 949 3214 Pnt.1.sergepetraeeasmas,·
982 3155 1049 3204 Mer.
1067 3171 1124 3217 ergo
1136 3161 1205 3220 petro
1221 3156 1362 3213 cteadetstff

266 3209 342 3257 Voss.
364 3213 388 3258 2.
410 3214 479 3272 tergo
499 3219 574 3276 petra
596 3215 746 3272 chamont:
779 3214 865 3265 Amat.
884 3226 912 3267 et
933 3219 1015 3282 Lugd.
1040 3225 1107 3280 tergo
1133 3226 1202 3282 petre
1221 3219 1360 3277 desdetsts

266 3269 352 3334 rotgo.
363 3272 425 3322 edd.
436 3275 477 3338 qai
488 3282 556 3338 terge
564 3284 639 3340 petre
651 3279 846 3328 stutuebat-tl
867 3281 980 3332 Florent.
992 3289 1018 3333 et
1032 3284 1104 3332 Laid.
1114 3283 1161 3332 Sed
1170 3284 1252 3341 aditu
1269 3284 1325 3332 Psi.
1337 3288 1360 3335 1.

266 3334 314 3384 Sed
324 3337 423 3386 editum
459 3339 573 3390 Floreat.
593 3341 665 3392 Laid.
685 3343 763 3391 Voss.
776 3345 880 3393 l.1)sn.
900 3345 958 3395 Psi.
969 3351 992 3395 1.
1012 3356 1041 3396 et
1057 3347 1140 3411 Bong.
1158 3349 1246 3397 tamise
1260 3348 1342 3396 odem
1350 3359 1361 3405 ,⁶

266 3399 341 3449 Voss.
352 3405 377 3450 2.
394 3402 607 3480 οωῑιὶίψῡιοννα
625 3411 689 3456 sant.
723 3407 925 3459 Florentvoss.
937 3415 961 3460 l.
984 3418 1011 3460 et
1032 3412 1114 3475 Bong.
1132 3412 1360 3474 menstruorum

266 3461 344 3540 Voss.
355 3470 380 3515 2.
392 3482 471 3540 oense
488 3473 669 3530 gnoma-2²
686 3469 760 3520 Mod.
777 3471 835 3523 Els.
853 3471 965 3537 aliaque
983 3476 1072 3524 uiuitur
1088 3475 1149 3524 edd.
1165 3483 1225 3524 sate
1246 3476 1360 3525 Freinst.

264 3534 369 3577 manuus
387 3531 467 3580 rntrdu
484 3547 569 3591 mom
597 3535 713 3584 florent.
734 3533 806 3585 Leid.
819 3537 892 3586 Voss.
910 3541 934 3585 1.
950 3543 974 3586 2.
994 3539 1053 3588 Pat.
1068 3544 1090 3588 1.
1110 3541 1179 3589 Dan.
1197 3539 1257 3589 Atd.
1276 3540 1360 3589 Cultu.

265 3590 367 3655 (tryph.
378 3593 443 3670 Mer.
455 3596 516 3645 Bas·
527 3606 555 3646 et
567 3597 623 3646 Col.
635 3606 665 3648 nt
680 3600 706 3646 in
718 3605 802 3648 texto.
833 3599 868 3648 'rt
877 3615 949 3649 sessa
960 3602 1032 3652 detet
1044 3601 1178 3665 Heinsius,
1196 3604 1257 3668 quis
1267 3605 1359 3652 eadem

266 3669 327 3715 vox,
356 3673 452 3708 usurvrs
470 3661 521 3712 alio
532 3675 618 3723 sensu,
633 3669 661 3711 et
680 3664 798 3724 proxime
814 3666 960 3726 prooessit,
970 3675 998 3716 et
1013 3668 1100 3716 statim
1117 3668 1242 3730 sequitur.
1275 3669 1361 3731 Bong.

264 3735 336 3770 πωπω
388 3723 505 3772 tenorum.
538 3725 612 3777 Voss.
627 3731 652 3776 2.
665 3727 750 3786 suadis
760 3727 913 3791 sagittisque.
946 3731 1060 3782 Floreat.
1072 3732 1146 3781 Leid.
1156 3733 1234 3782 Voss.
1245 3737 1269 3781 1.
1289 3734 1359 3782 Dan.

265 3792 293 3832 et
305 3781 388 3848 Bong.
402 3792 424 3836 1.
435 3791 459 3836 2.
469 3801 638 3852 supergressus.
671 3791 746 3840 Voss.
758 3796 781 3842 2.
793 3794 825 3840 od
833 3798 926 3855 petrem
936 3795 1081 3844 norit-2³
1099 3797 1173 3846 Voss.
1185 3800 1209 3845 2.
1222 3797 1360 3845 exeuntibus

265 3849 341 3910 aquo.
375 3851 672 3918 Eis-moguisqaeoperis.
705 3853 923 3920 Pirhmomgtnem
934 3858 1100 3921 inpure—td
1119 3859 1273 3909 Florentet
1286 3860 1360 3910 Leid.

266 3913 395 3972 semem„-
419 3916 492 3964 Voss.
507 3921 527 3968 Ι.
541 3917 662 3981 etBong.
670 3921 694 3967 2.
706 3917 834 3978 Exortum
859 3919 931 3970 Pith.
944 3933 969 3970 er
982 3924 1051 3972 Dan.
1066 3925 1191 3981 Oxarten
1218 3923 1278 3973 Am.
1292 3925 1359 3988 Oxy·

265 3983 352 4052 ortem
376 3979 453 4028 Frob.
464 3987 491 4030 et
502 3981 560 4030 Pal.
575 3985 596 4031 1.
609 3983 744 4040 Oxartem
770 3985 839 4033 Mer.
850 3983 910 4035 Bas.
923 3991 951 4034 et
967 3986 1024 4036 Coi.
1037 3987 1227 4037 osorton-26
1244 3989 1359 4038 florent.

265 4039 340 4090 Lerd.
353 4042 428 4092 Voss.
441 4049 465 4093 1.
476 4048 501 4094 2.
522 4047 591 4096 Dan.
603 4046 663 4096 Ald.
682 4046 757 4096 Frob.
771 4047 834 4096 Bas.
845 4049 914 4097 Mer.
924 4058 953 4099 et
965 4051 1023 4100 cot.
1033 4053 1080 4100 teto
1090 4051 1280 4101 mantnt-*tt
1298 4053 1360 4102 ΑΜ.

267 4105 406 4166 Grynum
425 4107 493 4160 Pittr.
508 4111 646 4168 Oxnutlem
664 4111 733 4160 Mer.
746 4112 807 4160 Bas.
818 4120 845 4160 et
857 4113 913 4162 Cot.
926 4115 1037 4164 Oxartes.
1071 4117 1186 4166 Florent.
1197 4114 1360 4172 Saturium:

266 4167 323 4216 Pal.
336 4174 356 4217 l.
369 4179 395 4220 et
409 4172 492 4236 Boug.
504 4173 672 4237 Sydroettrem
680 4191 689 4231 ,·
713 4175 782 4224 Mer.
792 4175 1001 4240 Sysimittsridrm3
1027 4180 1131 4230 Vetat.
1144 4181 1281 4237 Simitrenn
1300 4181 1359 4229 ΑΜ.

265 4229 447 4297 Sieinryttrerm
472 4237 566 4288 Ferret.
579 4237 738 4290 decurrerem.
760 4239 818 4290 Pal.
831 4245 855 4293 l.
865 4241 933 4304 cussit
943 4258 1020 4295 erun.
1046 4245 1120 4295 Voss.
1133 4248 1156 4294 2.
1168 4245 1206 4293 esi
1217 4262 1240 4307 q.
1251 4260 1276 4296 se
1287 4237 1359 4308 offer·
