3025 4892
416 383 474 432 ur..
499 383 610 432 cxrrr.
632 370 664 436 2.
688 387 726 435 n.
750 385 809 434 cn.
834 385 870 434 u.
892 369 968 434 327.
1183 371 1249 436 605

143 543 222 589 rare
236 531 365 608 posset,
380 525 592 592 dimicantem
608 533 708 606 certe,
731 531 766 592 et
787 546 857 592 non
882 526 1023 592 inultum
1048 545 1124 592 esse
1148 531 1250 594 mori·

150 631 275 692 turum:
298 629 439 712 qnippe,
459 635 636 712 antequam
662 635 865 712 assurgeret,
890 629 1034 713 opprimi
1059 635 1191 712 poterat
1216 636 1248 695 et

148 729 225 811 capi
237 729 348 794 drus.
389 731 423 794 3.
444 731 515 795 Sed
528 730 614 795 forte
629 731 677 794 ita
691 728 872 795 libraverat
891 749 1026 813 cerpus,
1043 736 1079 794 ut
1103 749 1139 794 se
1153 731 1249 813 pedi-

148 830 210 892 bus
219 831 392 913 exciperet
403 843 434 890 τ·
455 833 570 915 itaque
587 838 680 896 stans
690 831 753 895 init
767 849 932 913 pugnam;
955 836 1001 909 et,
1017 851 1060 896 ne
1083 833 1247 896 circumiri

148 940 278 1012 posset,
292 931 429 996 sennua
442 933 642 1015 providerat.
685 935 718 996 4.
741 933 885 996 Vetusta
899 934 1012 1009 arbor,
1027 933 1115 997 band
1131 935 1247 1016 procul

146 1050 254 1109 muro,
264 1053 376 1098 ramos
390 1035 494 1098 multa
509 1035 626 1099 fronde
643 1034 795 1112 vestitor,
807 1033 899 1098 velut
910 1031 951 1098 de
964 1033 1126 1099 industria
1139 1053 1246 1118 regem

146 1140 375 1213 protegentes,
398 1135 584 1218 objecerat:
606 1134 706 1218 bajus
732 1134 886 1216 spatiose
909 1135 1016 1218 stipiti
1040 1155 1165 1219 corpus
1191 1137 1246 1213 [ne

147 1231 314 1298 circumiri
329 1234 473 1317 posset,]
487 1234 692 1318 applicuit3⁶
715 1235 835 1316 clypeo
859 1235 939 1313 tela,
954 1255 1030 1318 quae
1046 1253 1091 1300 ex
1106 1237 1247 1302 adverso

146 1334 388 1414 ingerebantur,
415 1338 598 1418 excipiens.
641 1340 675 1402 b.
702 1335 792 1401 Nam
821 1354 896 1400 cnm
926 1355 1026 1399 nnunr
1055 1339 1172 1420 procul
1196 1346 1247 1402 tet

146 1452 268 1498 manns
288 1443 451 1519 peterent,
472 1455 570 1501 nemo
593 1444 703 1502 tamen
726 1437 876 1501 audebat
898 1435 1039 1519 propius
1064 1436 1244 1502 accedere:

146 1535 292 1602 missilia
304 1539 408 1602 ramis
421 1539 526 1621 plura,
541 1557 644 1621 quarn
667 1539 789 1621 clypeo
814 1537 1013 1612 incidebant.
1056 1537 1088 1601 6.
1111 1537 1247 1620 Pugna-

146 1635 204 1700 bat
225 1655 290 1719 pru
312 1657 390 1720 rege
414 1639 556 1721 primurn
578 1638 735 1702 celebrati
752 1637 896 1703 nominis
911 1638 1022 1702 tama:
1045 1637 1166 1702 deinde
1187 1639 1244 1704 de-

147 1739 309 1818 speratio,
330 1758 486 1821 magnum
507 1741 552 1803 ad
579 1740 719 1803 beneste
745 1738 951 1802 moriendum
978 1739 1244 1804 incitamentum.

147 1839 179 1902 7.
199 1838 271 1902 Sed
283 1857 360 1903 curn
375 1840 520 1904 subinde
533 1841 643 1904 bostis
664 1837 827 1916 afflueret,
840 1839 912 1921 jam
935 1839 1098 1921 ingentem
1113 1839 1182 1905 vim
1198 1848 1246 1904 te-

148 1938 254 2002 lorum
277 1949 461 2024 exceperat
486 1940 628 2025 clypea:
646 1940 720 2023 jam
742 1941 869 2022 galeam
899 1957 986 2004 saxa
1007 1941 1244 2023 perfregerant3

143 2038 213 2120 J'am
228 2041 391 2104 continno
406 2043 521 2107 labore
535 2044 651 2124 gravia
661 2049 793 2124 gennae
807 2042 1029 2106 succiderant.
1072 2041 1105 2106 8.
1121 2043 1244 2125 Itaque

149 2142 341 2207 contemtim
364 2149 400 2206 et
420 2143 565 2221 meante,
590 2145 650 2228 qni
670 2145 815 2227 preximi
836 2149 1007 2221 steterant,
1022 2142 1244 2209 incurrerunt:

147 2245 304 2326 equibus
318 2245 402 2308 dnos
416 2245 529 2326 gladie
543 2245 592 2310 ita
605 2247 753 2329 excepit,
773 2254 813 2310 nt
835 2253 915 2310 ante
937 2245 1050 2328 ipsum
1071 2247 1245 2310 exanimes

148 2347 426 2424 procumberent:
459 2365 520 2413 nec
546 2348 703 2432 cuiquam
732 2347 852 2412 deinde
879 2347 1019 2430 propius
1052 2347 1244 2411 incessendi

150 2461 225 2509 enm
253 2448 387 2512 animus
411 2449 494 2515 fuit:
531 2449 650 2533 procul
674 2449 790 2533 jacula
819 2449 1026 2531 sagittasque
1054 2447 1244 2511 mittebant.

148 2545 180 2609 9.
203 2546 278 2623 ille,
292 2547 337 2611 ad
351 2568 465 2614 omnes
476 2550 565 2615 ictus
580 2551 774 2634 expositus,
790 2569 875 2632 aegre
894 2550 967 2634 jam
984 2555 1163 2632 exceptum
1185 2569 1245 2632 po·

150 2645 287 2728 plitibns
309 2665 433 2732 corpus
447 2649 642 2732 tuebatur30
662 2652 770 2717 donec
787 2651 891 2716 Indus
905 2650 1045 2715 deornm
1060 2650 1244 2714 cubitorum

179 2875 470 2939 warmannus
550 2876 1243 2928 *ruaemrmamotmmmmamu

179 2939 809 3004 ‘mmmmmrattum

599 3089 785 3115 mm

142 3201 281 3250 simma.
304 3200 363 3250 Pal.
384 3207 406 3250 1.
423 3203 520 3252 omittit
538 3203 649 3264 umen,
661 3211 689 3252 et
701 3203 778 3266 panta
790 3208 848 3264 pust
858 3204 1009 3264 peterat-t
1026 3201 1082 3251 Eis.
1093 3201 1242 3254 Ument.

145 3264 223 3314 Vsu.
235 3270 263 3314 2.
280 3265 339 3313 iniit
353 3281 467 3327 premar.
493 3267 604 3315 Fterent.
618 3267 689 3316 beid.
700 3277 728 3317 et
738 3269 813 3316 Voss.
825 3271 849 3316 1.
860 3271 884 3314 et
895 3279 924 3313 ae
933 3279 955 3313 t.
964 3264 1097 3326 parsit-4
1113 3267 1243 3316 ‘Temere

141 3325 213 3377 he:
230 3343 292 3378 ree.
302 3335 389 3391 parnt,
404 3343 438 3378 ex
449 3331 625 3392 superioribus
635 3333 750 3393 repetita
767 3343 834 3390 esre,
850 3337 923 3378 reete
940 3327 1061 3378 viderunt
1081 3329 1196 3379 Freirnb.
1215 3340 1243 3380 et

140 3389 334 3442 flammas:
350 3393 543 3443 santam-s
560 3395 674 3445 Ftorent·
694 3395 767 3445 leid.
783 3394 869 3456 Βοῦς.
880 3397 939 3442 m.
957 3399 985 3442 et
1003 3391 1060 3440 Pet.
1074 3397 1095 3442 1.
1114 3394 1243 3442 Naurum

139 3457 265 3516 arrian
283 3457 360 3506 Vnst.
371 3460 394 3505 1.
403 3461 428 3505 2
439 3466 466 3506 et
477 3458 545 3506 Mer.
558 3458 682 3508 Numerus
690 3458 875 3508 muana—a
894 3456 950 3505 Pei.
963 3457 987 3502 1.
997 3462 1026 3503 et
1037 3455 1155 3505 Florem.
1173 3457 1242 3519 Pag-

109 3533 113 3538 ’
138 3520 238 3570 aba.
263 3521 332 3571 Mer.
342 3520 459 3582 urim
469 3521 583 3579 torem
599 3523 656 3572 Pal.
666 3526 690 3573 l.
701 3536 812 3581 mgnum
821 3521 951 3568 munden
959 3519 1154 3568 mnam-⁷
1166 3519 1240 3572 ldenr

137 3591 168 3633 et
180 3585 260 3634 Vasa.
270 3588 296 3635 8.
311 3585 547 3645 emittuntgrsriet
563 3585 640 3634 cedd.
649 3587 751 3635 Medii:
768 3587 786 3634 t.
795 3588 899 3644 nauata
913 3584 1117 3632 aecumst-s
1130 3585 1204 3634 Voss.
1214 3590 1239 3635 1.

138 3657 165 3695 et
188 3648 249 3696 Pal.
262 3653 286 3696 1.
305 3649 429 3698 emittant
446 3649 591 3698 teate—n
609 3649 683 3698 Vens.
695 3653 719 3700 1.
737 3661 812 3710 egra
821 3647 895 3707 §aar
912 3646 983 3696 leid.
996 3647 1072 3696 Vera.
1083 3652 1107 3698 2.
1119 3648 1202 3708 Banu.
1214 3658 1242 3698 et

138 3711 211 3762 bier.
220 3726 270 3761 m
280 3727 356 3775 agre.
380 3714 464 3775 Βοῦς.
477 3717 501 3760 1.
511 3713 608 3763 emittit
618 3715 728 3764 tartum
737 3722 767 3763 et
778 3713 915 3778 sequentis
926 3710 1005 3776 rerbp
1015 3725 1095 3775 nsque
1104 3713 1137 3761 sd
1148 3725 1206 3776 esp.
1215 3717 1240 3763 d.

640 3854 746 3906 Nom

136 3971 189 4020 nisi
212 3969 252 4018 tie
275 3967 417 4031 intelligat,
437 3968 526 4018 bestat
547 3976 618 4018 metu
639 3984 671 4020 an
712 3977 762 4020 ert.
796 3967 1241 4034 Fetstltmenuntieturqmdnr·

136 4045 199 4094 deta
224 4043 354 4106 tantisper
376 4044 530 4102 mesariam
552 4053 607 4092 turn
628 4044 672 4094 ubi
712 4046 770 4094 bem
783 4044 815 4092 ab
828 4043 1092 4094 areenondisererit.

136 4121 224 4171 ιοΙαιιι
232 4119 673 4183 desiluisseconspexeruntflerer·
743 4125 756 4152 ⁶
773 4118 865 4168 Grauia
881 4115 972 4182 gaas]
993 4116 1140 4170 Debilitatr
1162 4127 1241 4187 atque

136 4209 262 4247 mesre.
295 4193 332 4244 At
347 4208 380 4244 ne
398 4195 446 4244 trec
462 4194 567 4260 qnidrrn
583 4209 673 4245 rerum
713 4193 854 4263 turpentia.
