3025 4892
410 393 468 440 or..
490 391 601 442 oxrrr.
621 376 654 443 1.
678 393 713 441 r.
736 392 799 442 cu.
823 392 860 442 rr.
880 375 958 444 328.
1172 377 1237 444 631
1318 402 1324 410 ·

150 531 230 597 adeo
239 533 271 597 in
282 531 343 596 illu
352 533 606 616 plegemundus
619 539 727 598 statne
737 535 923 616 temporum
933 534 1026 597 vices
1036 531 1175 611 mutati
1189 541 1237 606 ut,

150 653 220 698 eum
234 633 323 698 alia·
343 635 478 699 fervore
496 634 579 700 eolis
598 641 802 710 exaestueut,
819 633 949 698 ludium
964 635 1063 700 nives
1079 635 1233 711 obruunt,

152 753 323 818 rursusque
345 737 404 799 ubi
421 743 537 801 cetere
557 737 676 818 rigent,
693 735 762 799 illio
784 733 1016 799 intolerandus
1032 741 1135 798 aeetue
1149 736 1240 800 exie·

151 842 213 900 tat:
234 837 286 900 14.
300 855 365 900 uec
380 854 451 912 eur,
463 836 522 904 ulli
534 855 570 899 se
584 841 710 901 naturae
726 853 833 899 ceusu
846 833 1007 918 ingeseit*
1016 833 1126 912 ‚Mero
1136 843 1238 912 certe,

150 955 210 1016 quo
226 936 371 1013 alluitur,
389 955 431 1002 ne
453 937 567 1002 colore
580 936 715 1019 quidem
731 935 884 1002 abhorret
894 956 916 999 u
930 937 1071 1000 ceteris:
1094 937 1139 1000 eb
1156 936 1239 1020 Ery-

151 1037 216 1101 thru
228 1046 328 1120 reget
350 1038 494 1102 inditum
509 1047 563 1102 est
577 1057 696 1103 nomeu
706 1058 720 1110 r,
736 1038 977 1121 propterquod
1001 1037 1108 1120 ignari
1121 1040 1238 1103 rubere

169 1227 184 1288 j
201 1229 323 1280 Coeum
332 1231 390 1280 orei
400 1237 550 1294 tenpeetetee
560 1234 669 1284 tenerit.

177 1289 188 1323 ¹
204 1293 254 1342 Nee
265 1296 374 1358 usqum
382 1311 408 1345 ee
419 1296 503 1346 obtulit
514 1297 577 1346 ratio
585 1311 658 1360 perere
668 1298 694 1346 id
704 1298 803 1361 itoflnl.

149 1561 198 1609 Pri.
208 1565 230 1613 t.
240 1563 324 1628 Bong.
335 1570 360 1616 2.
370 1574 397 1615 et
408 1567 476 1616 Mer.
487 1568 523 1616 ite
532 1567 585 1625 ef.
595 1567 671 1631 rotie,
681 1566 807 1631 prebente
818 1566 929 1618 Heiueio
939 1581 948 1627 ς
957 1567 1040 1630 Bong.
1049 1570 1073 1616 1.
1085 1569 1113 1615 et
1122 1565 1183 1615 eiii:
1201 1567 1239 1616 ite

147 1626 196 1684 ns.
205 1627 300 1684 uitiis,-
317 1631 405 1692 rnlgg.
417 1639 478 1680 ente
488 1631 605 1681 Freineb.
617 1631 654 1680 itu
663 1631 718 1690 ins.
730 1632 874 1680 otiien-lt
886 1631 947 1681 Ald.
957 1631 1006 1679 Sed
1015 1633 1073 1680 edeo
1083 1631 1134 1679 iile.
1163 1629 1238 1679 Veee.

149 1689 270 1740 r.1²n.r.
286 1693 349 1743 Aid.
366 1694 443 1743 Frob.
460 1696 530 1744 Mer.
546 1695 842 1746 Beneuentanum.
875 1696 947 1744 Pitb.
957 1699 1107 1752 anenno·
1124 1694 1201 1742 vnn.
1213 1699 1238 1742 9.

149 1758 246 1803 meet.
280 1757 356 1808 Voee.
369 1762 393 1807 t.
404 1759 510 1808 illicere
521 1759 727 1808 toleranda—lt
744 1759 862 1808 Florent.
878 1759 952 1808 leid.
965 1761 1038 1808 Voee.
1054 1762 1077 1806 t.
1095 1759 1165 1807 Dee.
1181 1757 1240 1809 Pel.

152 1821 171 1866 l.
180 1817 258 1881 Bong.
278 1824 303 1868 1.
320 1824 344 1870 l.
355 1829 382 1870 et
393 1822 463 1871 Mer.
473 1837 568 1872 recreer
578 1822 635 1881 ebir
653 1822 725 1872 vore.
734 1826 759 1872 t.
771 1837 814 1871 nee
823 1837 867 1870 eur
876 1823 918 1870 iii.
950 1822 1066 1871 Floreut.
1077 1821 1152 1870 Leid.
1161 1820 1238 1871 Voee.

148 1883 170 1929 1.
179 1885 202 1928 Ι.
216 1883 284 1932 Deu.
296 1890 327 1932 et
336 1885 394 1933 Bou
414 1889 456 1934 .1.
468 1889 494 1936 2.
504 1892 599 1936 eutero·
631 1885 744 1934 Vnum.
763 1886 940 1935 omittiteneee
955 1885 1064 1945 inerunt.
1095 1885 1240 1935 umente

146 1947 332 2060 gadim
343 1901 417 2024 laid
429 1950 542 2062 Voreiut.
561 1949 659 2061 Pa.
677 1955 705 1998 et
720 1949 852 2062 ileum
861 1954 887 1998 e.
896 1947 1152 2061 pulmentari?
1166 1948 1239 2060 ΡΑὲἷΙΙ.

220 2043 227 2064 .
347 2026 473 2072 werre:
529 2027 566 2060 er.
659 2027 773 2062 morerere
854 2027 937 2073 erun
1003 2026 1046 2061 rere
1130 2026 1239 2061 .r.

146 2071 235 2122 enitor
244 2081 318 2123 eeu-re.
350 2076 467 2125 Florent.
488 2075 560 2126 laeid.
577 2076 654 2126 Vere.
675 2081 698 2124 l.
718 2084 745 2124 et
764 2077 847 2138 Βοῦς.
863 2077 924 2138 quod
941 2077 1066 2135 odierium
1089 2075 1150 2124 Pel.
1168 2079 1193 2122 l.
1211 2081 1240 2124 et

146 2133 400 2200 linqueremur.
432 2139 1049 2204 viamuatturrreetgrmireeerettmptuen.
1077 2138 1237 2190 Metelle

635 2283 741 2337 NOTAE

172 2387 235 2450 0Ut,
243 2403 297 2437 erue
308 2386 370 2451 ulie]
382 2388 442 2439 Hoc
453 2388 557 2455 quideiu
569 2388 602 2440 de
614 2395 670 2442 tote
710 2391 821 2455 pelletur
832 2397 890 2441 eetr
906 2389 975 2455 qnod
984 2387 1071 2440 Ornoi
1082 2385 1178 2450 tpuepw
1194 2400 1237 2434 ro·

144 2460 213 2512 lodie
233 2465 318 2515 voluit
342 2465 469 2528 intelligi:
495 2465 564 2530 quod
591 2479 669 2530 quem
709 2473 779 2516 eunt·
812 2466 890 2516 tinne
910 2480 974 2515 rere
990 2465 1097 2529 eiueque
1120 2469 1238 2526 poeteroe

146 2549 225 2588 rerum
236 2541 284 2601 eit,
299 2542 357 2602 ipre
368 2539 471 2592 viderit.
503 2539 669 2591 Arulenueli·
710 2541 796 2591 vicine
818 2541 896 2590 urerie
918 2539 1026 2591 Arabici
1046 2539 1104 2588 loce
1123 2536 1239 2588 tenuieee

145 2609 186 2662 bro
204 2614 267 2664 ller.
284 2614 369 2664 ludio.
388 2613 498 2665 effirumt
514 2623 606 2666 melete
623 2616 668 2666 In·
708 2615 1003 2678 reimurexseripture.
1029 2613 1241 2664 Contreriemul·

144 2684 205 2736 diem
220 2689 344 2752 complui,
363 2689 476 2756 indeque
495 2705 582 2742 umuee
601 2691 668 2742 iutu·
710 2696 796 2740 torum
813 2691 945 2740 eenteutie
963 2687 1014 2739 intr
1029 2690 1117 2753 reipee
1133 2687 1240 2736 rubrum

145 2774 272 2814 meroem:
290 2763 337 2814 red
349 2778 432 2828 neque
451 2765 477 2814 iri
495 2766 613 2816 uuiveree
626 2781 669 2816 re·
710 2778 768 2814 esee
790 2765 864 2814 letiue
884 2765 960 2814 merie
982 2764 1104 2814 colorem.
1136 2763 1190 2812 Sed
1212 2763 1240 2810 in

143 2850 193 2886 rum
210 2853 270 2888 eene
285 2838 400 2888 arbitror
417 2837 450 2890 de
469 2840 571 2903 pluviis,
589 2842 669 2891 multo
709 2838 785 2902 hujue
796 2839 895 2888 rubori·
907 2839 1005 2903 origiue
1023 2837 1185 2902 migrando,
1201 2837 1241 2886 in·

144 2912 221 2962 mione
232 2913 268 2963 de
280 2913 393 2963 uiribue.
410 2913 527 2980 ‘Pinge'
543 2913 612 2964 idem
630 2921 670 2966 et·
711 2927 775 2977 gerru
796 2915 946 2977 opinionum
967 2915 1091 2964 verietee.
1124 2914 1241 2962 Fuerunt

145 2987 312 3050 que⁴regio.'
710 2991 754 3052 qui
777 2989 874 3040 rieiuer
899 2989 1017 3040 littorum
1037 2995 1122 3038 terrae
1146 2987 1240 3036 rubere

66 3119 69 3126 ,
170 3063 230 3112 ’Ati
244 3062 354 3126 ttryrtn
364 3063 431 3127 rege]
442 3063 533 3126 Rubri,
544 3063 669 3128 rei,quod
710 3064 836 3128 dixerint,
846 3079 939 3130 terque
956 3063 1135 3113 retenderunt
1151 3063 1243 3126 eppul·

144 3135 206 3186 idem
217 3147 272 3198 eet,
285 3139 412 3201 Erythraei
424 3153 515 3189 nornen
527 3141 552 3188 ei
565 3140 669 3202 proprie
710 3156 749 3204 eu,
769 3142 811 3192 vel
828 3141 949 3192 imbrium
969 3139 1064 3190 ddutee
1078 3138 1239 3189 eluvionibus

142 3215 271 3274 conuenit,
281 3213 326 3278 qui
338 3214 409 3263 illum
420 3213 547 3279 hodieque
563 3214 668 3270 retinet.
709 3218 774 3268 meri
788 3218 909 3269 iniecerit
927 3230 1016 3266 rerum
1035 3215 1097 3264 nibli
1114 3214 1168 3264 tale
1187 3214 1240 3263 illie

143 3287 254 3338 rinbieo
271 3289 346 3356 eiuui·
377 3289 669 3354 Sedretereeuppelle·
709 3293 773 3343 lucie
793 3291 1006 3356 deprehenditur.
1039 3289 1136 3354 lteque
1156 3289 1240 3338 ceteri

141 3363 233 3414 tionem
245 3365 313 3414 lieno
324 3359 420 3415 noued
431 3367 512 3417 einum
523 3369 669 3418 modoi’er·
710 3366 792 3418 terme
804 3367 905 3418 ruborir
922 3381 1024 3416 eeueem
1043 3363 1147 3414 eilnnde
1164 3375 1240 3426 quem
1317 3421 1321 3428 ‚

140 3439 214 3490 eleum
227 3441 416 3502 extenderunt,
434 3456 521 3492 return
540 3445 618 3493 etiem
636 3443 668 3494 ed
709 3457 742 3494 eu
757 3445 815 3508 ipre
825 3443 903 3492 merie
918 3455 984 3506 eque
995 3438 1164 3504 repetendum
1176 3438 1240 3489 dux·

141 3515 285 3566 uuirereum
299 3515 400 3566 Oceani
417 3518 585 3581 treciumqni
602 3517 670 3566 Aue·
709 3527 795 3572 eruut.
826 3518 881 3570 nttt
904 3518 983 3566 uelem
1007 3528 1188 3578 repertorium
1204 3530 1239 3564 er

141 3592 202 3641 tude
218 3593 295 3642 littrre
312 3590 382 3640 Aeiae
401 3591 504 3655 perluit.
539 3591 580 3641 Ad
592 3592 668 3655 lurjue
710 3593 804 3643 viciuie
821 3592 962 3655 montibu,
976 3591 1021 3640 elil
1040 3591 1164 3640 rubentee
1182 3605 1239 3640 ere·

141 3680 241 3716 euntem
264 3667 448 3731 appellationis
473 3667 542 3732 qnod
565 3668 670 3731 ettinet,
709 3666 1125 3720 neeeutberbeeeorelioeinrilee
1143 3667 1240 3730 quein

139 3743 211 3792 turriti
229 3756 288 3792 eum
305 3741 398 3791 Curtio
416 3743 534 3792 eentiunt
551 3749 669 3792 veterum
709 3744 791 3794 fundo
802 3743 970 3808 deprebeueoe
982 3749 1053 3802 eunt,
1063 3740 1238 3790 transmittere

140 3829 168 3866 ee
179 3818 365 3878 recentiorum,
381 3830 432 3866 nou
448 3817 482 3866 eb
500 3818 558 3878 ipre
575 3829 603 3864 re
622 3817 669 3866 red
709 3819 935 3882 ruborieepeeienr
945 3818 972 3867 iu
984 3830 1063 3880 eques
1074 3829 1164 3878 perum
1180 3831 1240 3880 pro·

141 3892 170 3940 eb
191 3891 349 3956 ‘Erytbrae,'
364 3899 411 3941 eut
427 3891 566 3955 ‘Erythri'
582 3892 669 3956 cnjur-
710 3892 803 3943 sunder
817 3893 931 3942 trudunt.
963 3891 1014 3944 Sed
1025 3890 1239 3955 monterqniden

141 3967 195 4016 dem
208 3968 277 4030 regie
290 3968 393 4016 nomine
408 3967 556 4016 ‘Rubrum'
575 3969 670 4019 uocari·
710 3971 837 4035 ejnernodi
853 3972 936 4021 nulloe
947 3984 1004 4019 eeee
1016 3977 1178 4033 compertum
1189 3977 1239 4021 eet.

141 4043 220 4094 Quem
237 4041 323 4092 leeeci
341 4040 422 4090 titium
440 4043 510 4090 Eunu
531 4042 578 4092 riri
596 4042 669 4094 docti
711 4047 811 4097 Arenee
822 4056 910 4096 eutem
921 4045 1047 4095 berbeere
1064 4043 1134 4094 rubri
1146 4045 1239 4096 eolorie

141 4119 307 4180 probabiliter
326 4125 421 4182 putent
441 4131 515 4178 eree3
539 4119 580 4168 liic
601 4121 668 4170 euim
709 4123 759 4171 rub
767 4136 834 4186 eque
845 4120 979 4184 pellucido
987 4119 1066 4170 eertle
1074 4119 1140 4169 ioeie
1152 4133 1240 4182 reper-

139 4195 220 4256 petrio
243 4195 369 4244 vocabulo
390 4193 476 4256 Edere,
497 4193 605 4257 'rulue,’
623 4210 668 4259 ep·
710 4205 749 4246 tee
771 4197 821 4246 etei
841 4195 972 4246 credimur
995 4194 1056 4246 virle
1078 4194 1131 4248 fide
1155 4194 1239 4260 dignit
