<?xml version="1.0" encoding="UTF-8"?>
<!DOCTYPE html PUBLIC "-//W3C//DTD XHTML 1.0 Transitional//EN"
    "http://www.w3.org/TR/xhtml1/DTD/xhtml1-transitional.dtd">
<html xmlns="http://www.w3.org/1999/xhtml" xml:lang="en" lang="en">
 <head>
  <title>
</title>
<meta http-equiv="Content-Type" content="text/html;charset=utf-8" />
  <meta name='ocr-system' content='tesseract 3.04.00' />
  <meta name='ocr-capabilities' content='ocr_page ocr_carea ocr_par ocr_line ocrx_word'/>
</head>
<body>
  <div class='ocr_page' id='page_1' title='image "./quinticurtiiruf02rufugoog_0068.png"; bbox 0 0 3025 4892; ppageno 0'>
   <div class='ocr_carea' id='block_1_1' title="bbox 239 341 1138 418">
    <p class='ocr_par' dir='ltr' id='par_1_1' title="bbox 239 341 1138 418">
     <span class='ocr_line' id='line_1_1' title="bbox 239 341 1138 418; baseline -0.004 -8"><span class='ocrx_word' id='word_1_1' title='bbox 239 345 304 410; x_wconf 79' lang='lat' dir='ltr'><strong>oto</strong></span> <span class='ocrx_word' id='word_1_2' title='bbox 445 362 480 418; x_wconf 80' lang='lat' dir='ltr'><strong>e.</strong></span> <span class='ocrx_word' id='word_1_3' title='bbox 504 356 634 406; x_wconf 72' lang='lat' dir='ltr'><strong>contu</strong></span> <span class='ocrx_word' id='word_1_4' title='bbox 662 357 751 407; x_wconf 82' lang='lat' dir='ltr'><strong>nort</strong></span> <span class='ocrx_word' id='word_1_5' title='bbox 778 358 850 404; x_wconf 78' lang='lat' dir='ltr'><strong>utu</strong></span> <span class='ocrx_word' id='word_1_6' title='bbox 874 357 955 404; x_wconf 84' lang='lat' dir='ltr'><strong>vin.</strong></span> <span class='ocrx_word' id='word_1_7' title='bbox 977 355 1060 405; x_wconf 81' lang='lat' dir='ltr'><strong>ear.</strong></span> <span class='ocrx_word' id='word_1_8' title='bbox 1082 341 1138 406; x_wconf 88' lang='lat'><strong>10.</strong></span> 
     </span>
    </p>
   </div>
   <div class='ocr_carea' id='block_1_2' title="bbox 239 495 1339 1797">
    <p class='ocr_par' dir='ltr' id='par_1_2' title="bbox 239 495 1339 1797">
     <span class='ocr_line' id='line_1_2' title="bbox 239 495 1334 582; baseline -0.007 -14"><span class='ocrx_word' id='word_1_9' title='bbox 239 495 453 582; x_wconf 67' lang='lat' dir='ltr'><strong>vulgassetci</strong></span> <span class='ocrx_word' id='word_1_10' title='bbox 497 497 552 562; x_wconf 77' lang='lat'><strong>17.</strong></span> <span class='ocrx_word' id='word_1_11' title='bbox 574 496 723 582; x_wconf 84' lang='lat' dir='ltr'><strong>Quippe,</strong></span> <span class='ocrx_word' id='word_1_12' title='bbox 746 497 886 562; x_wconf 80' lang='lat' dir='ltr'><strong>velutin</strong></span> <span class='ocrx_word' id='word_1_13' title='bbox 904 498 1016 564; x_wconf 86' lang='lat' dir='ltr'><strong>media</strong></span> <span class='ocrx_word' id='word_1_14' title='bbox 1028 517 1126 582; x_wconf 86' lang='lat' dir='ltr'><strong>paee,</strong></span> <span class='ocrx_word' id='word_1_15' title='bbox 1140 517 1200 582; x_wconf 87' lang='lat' dir='ltr'><strong>per</strong></span> <span class='ocrx_word' id='word_1_16' title='bbox 1212 497 1334 561; x_wconf 83' lang='lat' dir='ltr'><strong>herbas</strong></span> 
     </span>
     <span class='ocr_line' id='line_1_3' title="bbox 240 597 1335 684; baseline -0.005 -16"><span class='ocrx_word' id='word_1_17' title='bbox 240 607 498 684; x_wconf 72' lang='lat' dir='ltr'><strong>congestamque</strong></span> <span class='ocrx_word' id='word_1_18' title='bbox 510 597 658 664; x_wconf 81' lang='lat' dir='ltr'><strong>frondem</strong></span> <span class='ocrx_word' id='word_1_19' title='bbox 674 603 923 680; x_wconf 86' lang='lat' dir='ltr'><strong>prostraverunt</strong></span> <span class='ocrx_word' id='word_1_20' title='bbox 937 618 1088 682; x_wconf 86' lang='lat' dir='ltr'><strong>corpora.</strong></span> <span class='ocrx_word' id='word_1_21' title='bbox 1125 600 1171 664; x_wconf 84' lang='lat' dir='ltr'><strong>Et</strong></span> <span class='ocrx_word' id='word_1_22' title='bbox 1184 619 1255 677; x_wconf 85' lang='lat' dir='ltr'><strong>rex,</strong></span> <span class='ocrx_word' id='word_1_23' title='bbox 1269 600 1335 663; x_wconf 82' lang='lat' dir='ltr'><strong>iot·</strong></span> 
     </span>
     <span class='ocr_line' id='line_1_4' title="bbox 240 698 1335 784; baseline -0.002 -19"><span class='ocrx_word' id='word_1_24' title='bbox 240 701 358 765; x_wconf 88' lang='lat' dir='ltr'><strong>tuitam</strong></span> <span class='ocrx_word' id='word_1_25' title='bbox 384 698 534 764; x_wconf 76' lang='lat' dir='ltr'><strong>laetitiam</strong></span> <span class='ocrx_word' id='word_1_26' title='bbox 558 719 625 763; x_wconf 90' lang='lat' dir='ltr'><strong>uon</strong></span> <span class='ocrx_word' id='word_1_27' title='bbox 649 699 851 776; x_wconf 70' lang='lat' dir='ltr'><strong>aversatus,‘</strong></span> <span class='ocrx_word' id='word_1_28' title='bbox 872 699 961 780; x_wconf 78' lang='lat' dir='ltr'><strong>large</strong></span> <span class='ocrx_word' id='word_1_29' title='bbox 978 700 1022 764; x_wconf 87' lang='lat' dir='ltr'><strong>ad</strong></span> <span class='ocrx_word' id='word_1_30' title='bbox 1044 700 1162 784; x_wconf 80' lang='lat' dir='ltr'>epulas</span> <span class='ocrx_word' id='word_1_31' title='bbox 1177 700 1335 764; x_wconf 85' lang='lat' dir='ltr'><strong>omnibus</strong></span> 
     </span>
     <span class='ocr_line' id='line_1_5' title="bbox 241 798 1336 885; baseline 0 -21"><span class='ocrx_word' id='word_1_32' title='bbox 241 800 408 885; x_wconf 82' lang='lat' dir='ltr'><strong>praebitis,</strong></span> <span class='ocrx_word' id='word_1_33' title='bbox 429 819 489 884; x_wconf 89' lang='lat' dir='ltr'><strong>per</strong></span> <span class='ocrx_word' id='word_1_34' title='bbox 512 801 626 864; x_wconf 89' lang='lat' dir='ltr'><strong>decom</strong></span> <span class='ocrx_word' id='word_1_35' title='bbox 649 799 720 864; x_wconf 83' lang='lat' dir='ltr'><strong>dies</strong></span> <span class='ocrx_word' id='word_1_36' title='bbox 741 799 863 864; x_wconf 84' lang='lat' dir='ltr'><strong>Libero</strong></span> <span class='ocrx_word' id='word_1_37' title='bbox 880 800 972 865; x_wconf 89' lang='lat' dir='ltr'><strong>Patri</strong></span> <span class='ocrx_word' id='word_1_38' title='bbox 986 798 1185 885; x_wconf 73' lang='lat' dir='ltr'><strong>operatumk</strong></span> <span class='ocrx_word' id='word_1_39' title='bbox 1199 803 1336 866; x_wconf 83' lang='lat' dir='ltr'><strong>habuit⁰</strong></span> 
     </span>
     <span class='ocr_line' id='line_1_6' title="bbox 242 900 1336 986; baseline -0.001 -20"><span class='ocrx_word' id='word_1_40' title='bbox 242 901 435 968; x_wconf 79' lang='lat' dir='ltr'><strong>exercitum.</strong></span> <span class='ocrx_word' id='word_1_41' title='bbox 477 902 531 967; x_wconf 81' lang='lat' dir='ltr'><strong>le.</strong></span> <span class='ocrx_word' id='word_1_42' title='bbox 555 900 641 978; x_wconf 85' lang='lat' dir='ltr'><strong>Quis</strong></span> <span class='ocrx_word' id='word_1_43' title='bbox 656 908 768 982; x_wconf 75' lang='lat' dir='ltr'><strong>neget,</strong></span> <span class='ocrx_word' id='word_1_44' title='bbox 789 900 946 964; x_wconf 83' lang='lat' dir='ltr'><strong>eximiam</strong></span> <span class='ocrx_word' id='word_1_45' title='bbox 967 921 1102 986; x_wconf 87' lang='lat' dir='ltr'><strong>quoque</strong></span> <span class='ocrx_word' id='word_1_46' title='bbox 1114 903 1256 984; x_wconf 78' lang='lat' dir='ltr'><strong>gloriam</strong></span> <span class='ocrx_word' id='word_1_47' title='bbox 1271 921 1336 965; x_wconf 71' lang='lat' dir='ltr'><strong>sae-</strong></span> 
     </span>
     <span class='ocr_line' id='line_1_7' title="bbox 242 1001 1336 1087; baseline -0.001 -18"><span class='ocrx_word' id='word_1_48' title='bbox 242 1005 320 1087; x_wconf 84' lang='lat' dir='ltr'><strong>pius</strong></span> <span class='ocrx_word' id='word_1_49' title='bbox 348 1002 502 1079; x_wconf 78' lang='lat' dir='ltr'><strong>fortune,</strong></span> <span class='ocrx_word' id='word_1_50' title='bbox 523 1021 619 1085; x_wconf 84' lang='lat' dir='ltr'><strong>quam</strong></span> <span class='ocrx_word' id='word_1_51' title='bbox 646 1001 780 1064; x_wconf 86' lang='lat' dir='ltr'><strong>virtutis</strong></span> <span class='ocrx_word' id='word_1_52' title='bbox 804 1021 879 1064; x_wconf 81' lang='lat' dir='ltr'><strong>esse</strong></span> <span class='ocrx_word' id='word_1_53' title='bbox 899 1002 1121 1068; x_wconf 80' lang='lat' dir='ltr'><strong>beneficiumt</strong></span> <span class='ocrx_word' id='word_1_54' title='bbox 1142 1002 1270 1087; x_wconf 86' lang='lat' dir='ltr'><strong>quippe</strong></span> <span class='ocrx_word' id='word_1_55' title='bbox 1290 1023 1336 1068; x_wconf 89' lang='lat' dir='ltr'><strong>ne</strong></span> 
     </span>
     <span class='ocr_line' id='line_1_8' title="bbox 243 1103 1336 1188; baseline -0.002 -18"><span class='ocrx_word' id='word_1_56' title='bbox 243 1103 420 1188; x_wconf 81' lang='lat' dir='ltr'><strong>epulantes</strong></span> <span class='ocrx_word' id='word_1_57' title='bbox 435 1103 569 1186; x_wconf 88' lang='lat' dir='ltr'><strong>quidem</strong></span> <span class='ocrx_word' id='word_1_58' title='bbox 583 1111 616 1168; x_wconf 89' lang='lat' dir='ltr'><strong>et</strong></span> <span class='ocrx_word' id='word_1_59' title='bbox 631 1104 762 1186; x_wconf 82' lang='lat' dir='ltr'><strong>sopitos</strong></span> <span class='ocrx_word' id='word_1_60' title='bbox 776 1121 869 1166; x_wconf 90' lang='lat' dir='ltr'><strong>mero</strong></span> <span class='ocrx_word' id='word_1_61' title='bbox 885 1105 1019 1185; x_wconf 79' lang='lat' dir='ltr'><strong>aggredi</strong></span> <span class='ocrx_word' id='word_1_62' title='bbox 1030 1123 1137 1169; x_wconf 82' lang='lat' dir='ltr'><strong>anans</strong></span> <span class='ocrx_word' id='word_1_63' title='bbox 1152 1110 1202 1168; x_wconf 85' lang='lat' dir='ltr'><strong>est</strong></span> <span class='ocrx_word' id='word_1_64' title='bbox 1216 1105 1336 1181; x_wconf 86' lang='lat' dir='ltr'><strong>hostis,</strong></span> 
     </span>
     <span class='ocr_line' id='line_1_9' title="bbox 241 1205 1335 1291; baseline -0.002 -19"><span class='ocrx_word' id='word_1_65' title='bbox 241 1205 331 1272; x_wconf 85' lang='lat' dir='ltr'><strong>haud</strong></span> <span class='ocrx_word' id='word_1_66' title='bbox 346 1225 445 1270; x_wconf 83' lang='lat' dir='ltr'><strong>secus</strong></span> <span class='ocrx_word' id='word_1_67' title='bbox 455 1205 700 1270; x_wconf 85' lang='lat' dir='ltr'><strong>Bacchantium</strong></span> <span class='ocrx_word' id='word_1_68' title='bbox 714 1205 982 1288; x_wconf 89' lang='lat' dir='ltr'><strong>ululantiumque</strong></span> <span class='ocrx_word' id='word_1_69' title='bbox 989 1207 1121 1272; x_wconf 81' lang='lat' dir='ltr'><strong>fremitu</strong></span> <span class='ocrx_word' id='word_1_70' title='bbox 1131 1209 1335 1291; x_wconf 78' lang='lat' dir='ltr'><strong>perterritus,</strong></span> 
     </span>
     <span class='ocr_line' id='line_1_10' title="bbox 242 1307 1336 1394; baseline -0.001 -22"><span class='ocrx_word' id='word_1_71' title='bbox 242 1328 343 1394; x_wconf 89' lang='lat' dir='ltr'><strong>quam</strong></span> <span class='ocrx_word' id='word_1_72' title='bbox 359 1310 388 1372; x_wconf 92' lang='lat' dir='ltr'><strong>si</strong></span> <span class='ocrx_word' id='word_1_73' title='bbox 403 1308 623 1391; x_wconf 80' lang='lat' dir='ltr'><strong>praeliantium</strong></span> <span class='ocrx_word' id='word_1_74' title='bbox 635 1309 761 1372; x_wconf 87' lang='lat' dir='ltr'><strong>elamor</strong></span> <span class='ocrx_word' id='word_1_75' title='bbox 773 1316 865 1371; x_wconf 87' lang='lat' dir='ltr'><strong>esset</strong></span> <span class='ocrx_word' id='word_1_76' title='bbox 880 1307 1025 1373; x_wconf 82' lang='lat' dir='ltr'><strong>auditus.</strong></span> <span class='ocrx_word' id='word_1_77' title='bbox 1057 1309 1182 1374; x_wconf 84' lang='lat' dir='ltr'><strong>Eadem</strong></span> <span class='ocrx_word' id='word_1_78' title='bbox 1195 1308 1336 1374; x_wconf 80' lang='lat' dir='ltr'><strong>felicitas</strong></span> 
     </span>
     <span class='ocr_line' id='line_1_11' title="bbox 243 1407 1337 1493; baseline -0.004 -17"><span class='ocrx_word' id='word_1_79' title='bbox 243 1411 286 1476; x_wconf 91' lang='lat' dir='ltr'><strong>ab</strong></span> <span class='ocrx_word' id='word_1_80' title='bbox 308 1407 448 1474; x_wconf 87' lang='lat' dir='ltr'><strong>Oceano</strong></span> <span class='ocrx_word' id='word_1_81' title='bbox 478 1417 679 1474; x_wconf 87' lang='lat' dir='ltr'><strong>revertentes</strong></span> <span class='ocrx_word' id='word_1_82' title='bbox 705 1412 906 1474; x_wconf 82' lang='lat' dir='ltr'><strong>temulentos</strong></span> <span class='ocrx_word' id='word_1_83' title='bbox 935 1417 1230 1493; x_wconf 87' lang='lat' dir='ltr'><strong>comessantesque</strong></span> <span class='ocrx_word' id='word_1_84' title='bbox 1251 1411 1337 1474; x_wconf 84' lang='lat' dir='ltr'><strong>iuter</strong></span> 
     </span>
     <span class='ocr_line' id='line_1_12' title="bbox 245 1505 1337 1596; baseline -0.002 -20"><span class='ocrx_word' id='word_1_85' title='bbox 245 1530 304 1576; x_wconf 91' lang='lat' dir='ltr'><strong>ora</strong></span> <span class='ocrx_word' id='word_1_86' title='bbox 318 1509 464 1574; x_wconf 88' lang='lat' dir='ltr'><strong>hostium</strong></span> <span class='ocrx_word' id='word_1_87' title='bbox 478 1505 580 1574; x_wconf 81' lang='lat' dir='ltr'><strong>teuit.¹</strong></span> <span class='ocrx_word' id='word_1_88' title='bbox 611 1509 665 1575; x_wconf 89' lang='grc'><strong>19.</strong></span> <span class='ocrx_word' id='word_1_89' title='bbox 682 1509 775 1574; x_wconf 87' lang='lat' dir='ltr'><strong>Hine</strong></span> <span class='ocrx_word' id='word_1_90' title='bbox 788 1510 832 1574; x_wconf 85' lang='lat' dir='ltr'><strong>ed</strong></span> <span class='ocrx_word' id='word_1_91' title='bbox 845 1511 1021 1592; x_wconf 79' lang='lat' dir='ltr'><strong>regionem,</strong></span> <span class='ocrx_word' id='word_1_92' title='bbox 1031 1532 1107 1596; x_wconf 81' lang='lat' dir='ltr'><strong>quoe</strong></span> <span class='ocrx_word' id='word_1_93' title='bbox 1122 1511 1287 1576; x_wconf 81' lang='lat' dir='ltr'><strong>‘Daedala</strong></span> <span class='ocrx_word' id='word_1_94' title='bbox 1298 1509 1337 1546; x_wconf 86' lang='lat'>’¹¹¹</span> 
     </span>
     <span class='ocr_line' id='line_1_13' title="bbox 243 1603 1337 1704; baseline -0.005 -25"><span class='ocrx_word' id='word_1_95' title='bbox 243 1619 391 1690; x_wconf 86' lang='lat' dir='ltr'><strong>vocatur,</strong></span> <span class='ocrx_word' id='word_1_96' title='bbox 411 1619 604 1694; x_wconf 85' lang='lat' dir='ltr'><strong>perventum</strong></span> <span class='ocrx_word' id='word_1_97' title='bbox 629 1618 690 1674; x_wconf 87' lang='lat' dir='ltr'><strong>est.</strong></span> <span class='ocrx_word' id='word_1_98' title='bbox 734 1611 961 1676; x_wconf 80' lang='lat' dir='ltr'><strong>Deseruerant</strong></span> <span class='ocrx_word' id='word_1_99' title='bbox 977 1603 1100 1676; x_wconf 76' lang='lat' dir='ltr'><strong>incolae</strong></span> <span class='ocrx_word' id='word_1_100' title='bbox 1121 1611 1230 1687; x_wconf 85' lang='lat' dir='ltr'><strong>sedes,</strong></span> <span class='ocrx_word' id='word_1_101' title='bbox 1245 1619 1280 1704; x_wconf 82' lang='lat' dir='ltr'><strong>et</strong></span> <span class='ocrx_word' id='word_1_102' title='bbox 1301 1612 1337 1674; x_wconf 89' lang='lat' dir='ltr'><strong>in</strong></span> 
     </span>
     <span class='ocr_line' id='line_1_14' title="bbox 244 1712 1339 1797; baseline -0.002 -17"><span class='ocrx_word' id='word_1_103' title='bbox 244 1716 342 1780; x_wconf 79' lang='lat' dir='ltr'><strong>uvion</strong></span> <span class='ocrx_word' id='word_1_104' title='bbox 366 1715 608 1797; x_wconf 80' lang='lat' dir='ltr'><strong>sylvestresque</strong></span> <span class='ocrx_word' id='word_1_105' title='bbox 632 1719 764 1778; x_wconf 82' lang='lat' dir='ltr'><strong>montes</strong></span> <span class='ocrx_word' id='word_1_106' title='bbox 782 1714 1012 1796; x_wconf 82' lang='lat' dir='ltr'><strong>confugerunt.</strong></span> <span class='ocrx_word' id='word_1_107' title='bbox 1056 1713 1145 1797; x_wconf 83' lang='lat' dir='ltr'><strong>Ergo</strong></span> <span class='ocrx_word' id='word_1_108' title='bbox 1163 1712 1339 1778; x_wconf 66' lang='lat' dir='ltr'><strong>sennaar</strong></span> 
     </span>
    </p>
   </div>
   <div class='ocr_carea' id='block_1_3' title="bbox 238 1925 1340 2118">
    <p class='ocr_par' dir='ltr' id='par_1_3' title="bbox 238 1925 1340 2118">
     <span class='ocr_line' id='line_1_15' title="bbox 277 1925 1340 1990; baseline -0.005 -14"><span class='ocrx_word' id='word_1_109' title='bbox 277 1934 287 1959; x_wconf 72' lang='lat'><em>²</em></span> <span class='ocrx_word' id='word_1_110' title='bbox 300 1929 359 1976; x_wconf 79' lang='lat' dir='ltr'><strong>Cum</strong></span> <span class='ocrx_word' id='word_1_111' title='bbox 367 1929 418 1976; x_wconf 80' lang='lat' dir='ltr'><strong>loec</strong></span> <span class='ocrx_word' id='word_1_112' title='bbox 425 1928 522 1976; x_wconf 69' lang='grc' dir='ltr'><strong>ὶιιιείεία</strong></span> <span class='ocrx_word' id='word_1_113' title='bbox 534 1927 704 1981; x_wconf 66' lang='lat' dir='ltr'><strong>melantium,</strong></span> <span class='ocrx_word' id='word_1_114' title='bbox 711 1943 726 1974; x_wconf 84' lang='lat' dir='ltr'><strong>o</strong></span> <span class='ocrx_word' id='word_1_115' title='bbox 736 1925 819 1987; x_wconf 67' lang='lat' dir='ltr'><strong>peuda</strong></span> <span class='ocrx_word' id='word_1_116' title='bbox 830 1933 922 1986; x_wconf 68' lang='lat' dir='ltr'><strong>eumn,</strong></span> <span class='ocrx_word' id='word_1_117' title='bbox 933 1927 998 1976; x_wconf 76' lang='lat' dir='ltr'><strong>inter</strong></span> <span class='ocrx_word' id='word_1_118' title='bbox 1008 1928 1130 1977; x_wconf 72' lang='lat' dir='ltr'><strong>uriom</strong></span> <span class='ocrx_word' id='word_1_119' title='bbox 1135 1929 1250 1990; x_wconf 75' lang='lat' dir='ltr'><strong>extmplo</strong></span> <span class='ocrx_word' id='word_1_120' title='bbox 1259 1938 1284 1973; x_wconf 81' lang='lat' dir='ltr'><strong>re</strong></span> <span class='ocrx_word' id='word_1_121' title='bbox 1293 1925 1340 1981; x_wconf 70' lang='lat' dir='ltr'><strong>‘W-</strong></span> 
     </span>
     <span class='ocr_line' id='line_1_16' title="bbox 238 1988 1181 2049; baseline 0.001 -11"><span class='ocrx_word' id='word_1_122' title='bbox 238 1990 352 2049; x_wconf 75' lang='lat' dir='ltr'><strong>sudium.</strong></span> <span class='ocrx_word' id='word_1_123' title='bbox 577 1988 670 2037; x_wconf 62' lang='lat' dir='ltr'><strong>lctus</strong></span> <span class='ocrx_word' id='word_1_124' title='bbox 678 1988 813 2038; x_wconf 67' lang='lat' dir='ltr'><strong>murore·</strong></span> <span class='ocrx_word' id='word_1_125' title='bbox 822 1989 1181 2040; x_wconf 69' lang='lat' dir='ltr'><strong>tmelntioammdurusuas.</strong></span> 
     </span>
     <span class='ocr_line' id='line_1_17' title="bbox 277 2052 810 2118; baseline -0.004 -14"><span class='ocrx_word' id='word_1_126' title='bbox 277 2061 287 2086; x_wconf 79' lang='lat'><strong><em>⁴</em></strong></span> <span class='ocrx_word' id='word_1_127' title='bbox 302 2053 394 2104; x_wconf 79' lang='lat' dir='ltr'><strong>Bueeii</strong></span> <span class='ocrx_word' id='word_1_128' title='bbox 404 2054 517 2118; x_wconf 72' lang='lat' dir='ltr'><strong>mysterio</strong></span> <span class='ocrx_word' id='word_1_129' title='bbox 526 2053 678 2102; x_wconf 75' lang='lat' dir='ltr'><strong>celebrantem</strong></span> <span class='ocrx_word' id='word_1_130' title='bbox 688 2052 810 2102; x_wconf 68' lang='lat' dir='ltr'><strong>minuit.</strong></span> 
     </span>
    </p>
   </div>
   <div class='ocr_carea' id='block_1_4' title="bbox 702 2195 882 2216">
    <p class='ocr_par' dir='ltr' id='par_1_4' title="bbox 702 2195 882 2216">
     <span class='ocr_line' id='line_1_18' title="bbox 702 2195 882 2216; baseline 0 0"><span class='ocrx_word' id='word_1_131' title='bbox 702 2195 882 2216; x_wconf 63' lang='lat' dir='ltr'><strong>enemente</strong></span> 
     </span>
    </p>
   </div>
   <div class='ocr_carea' id='block_1_5' title="bbox 246 2293 1344 3060">
    <p class='ocr_par' dir='ltr' id='par_1_5' title="bbox 246 2293 1344 3060">
     <span class='ocr_line' id='line_1_19' title="bbox 246 2293 1340 2359; baseline -0.005 -13"><span class='ocrx_word' id='word_1_132' title='bbox 246 2297 291 2346; x_wconf 87' lang='lat' dir='ltr'><strong>illa</strong></span> <span class='ocrx_word' id='word_1_133' title='bbox 302 2309 396 2359; x_wconf 76' lang='lat' dir='ltr'><strong>utque:</strong></span> <span class='ocrx_word' id='word_1_134' title='bbox 417 2294 510 2358; x_wconf 83' lang='lat' dir='ltr'><strong>Quippe</strong></span> <span class='ocrx_word' id='word_1_135' title='bbox 521 2295 642 2356; x_wconf 62' lang='lat' dir='ltr'><strong>uolunta</strong></span> <span class='ocrx_word' id='word_1_136' title='bbox 675 2293 743 2344; x_wconf 84' lang='lat' dir='ltr'><strong>Vide</strong></span> <span class='ocrx_word' id='word_1_137' title='bbox 755 2295 820 2344; x_wconf 86' lang='lat' dir='ltr'><strong>Not.</strong></span> <span class='ocrx_word' id='word_1_138' title='bbox 832 2293 960 2344; x_wconf 72' lang='lat' dir='ltr'><strong>Vua-ll</strong></span> <span class='ocrx_word' id='word_1_139' title='bbox 976 2295 1091 2344; x_wconf 80' lang='lat' dir='ltr'><strong>Florent.</strong></span> <span class='ocrx_word' id='word_1_140' title='bbox 1104 2293 1177 2344; x_wconf 75' lang='lat' dir='ltr'><strong>beiti.</strong></span> <span class='ocrx_word' id='word_1_141' title='bbox 1192 2293 1267 2342; x_wconf 81' lang='lat' dir='ltr'><strong>Voss.</strong></span> <span class='ocrx_word' id='word_1_142' title='bbox 1280 2298 1303 2342; x_wconf 87' lang='grc'><strong>1.</strong></span> <span class='ocrx_word' id='word_1_143' title='bbox 1314 2297 1340 2342; x_wconf 83' lang='grc'><strong>2.</strong></span> 
     </span>
     <span class='ocr_line' id='line_1_20' title="bbox 246 2357 1341 2423; baseline -0.003 -15"><span class='ocrx_word' id='word_1_144' title='bbox 246 2367 274 2410; x_wconf 86' lang='lat' dir='ltr'><strong>et</strong></span> <span class='ocrx_word' id='word_1_145' title='bbox 286 2360 369 2423; x_wconf 77' lang='lat' dir='ltr'><strong>Boug.</strong></span> <span class='ocrx_word' id='word_1_146' title='bbox 378 2360 553 2422; x_wconf 74' lang='lat' dir='ltr'><strong>adgestamque.</strong></span> <span class='ocrx_word' id='word_1_147' title='bbox 585 2359 668 2408; x_wconf 84' lang='lat' dir='ltr'><strong>lidetn</strong></span> <span class='ocrx_word' id='word_1_148' title='bbox 681 2367 708 2407; x_wconf 86' lang='lat' dir='ltr'><strong>et</strong></span> <span class='ocrx_word' id='word_1_149' title='bbox 727 2359 795 2408; x_wconf 86' lang='lat' dir='ltr'><strong>Mer.</strong></span> <span class='ocrx_word' id='word_1_150' title='bbox 810 2365 969 2422; x_wconf 72' lang='lat' dir='ltr'><strong>prostravere.</strong></span> <span class='ocrx_word' id='word_1_151' title='bbox 1003 2361 1073 2408; x_wconf 86' lang='lat' dir='ltr'><strong>Dan.</strong></span> <span class='ocrx_word' id='word_1_152' title='bbox 1091 2366 1120 2408; x_wconf 82' lang='lat' dir='ltr'><strong>et</strong></span> <span class='ocrx_word' id='word_1_153' title='bbox 1137 2358 1194 2408; x_wconf 82' lang='lat' dir='ltr'><strong>Pal.</strong></span> <span class='ocrx_word' id='word_1_154' title='bbox 1214 2357 1341 2415; x_wconf 67' lang='lat' dir='ltr'><strong>leticiam</strong></span> 
     </span>
     <span class='ocr_line' id='line_1_21' title="bbox 247 2421 1343 2484; baseline -0.001 -11"><span class='ocrx_word' id='word_1_155' title='bbox 247 2423 306 2474; x_wconf 88' lang='lat' dir='ltr'><strong>edd.</strong></span> <span class='ocrx_word' id='word_1_156' title='bbox 317 2437 406 2474; x_wconf 89' lang='lat' dir='ltr'><strong>omnes</strong></span> <span class='ocrx_word' id='word_1_157' title='bbox 425 2431 486 2472; x_wconf 83' lang='lat' dir='ltr'><strong>ante</strong></span> <span class='ocrx_word' id='word_1_158' title='bbox 502 2422 659 2472; x_wconf 84' lang='lat' dir='ltr'><strong>Schmieder.</strong></span> <span class='ocrx_word' id='word_1_159' title='bbox 670 2423 791 2472; x_wconf 70' lang='lat' dir='ltr'><strong>licentiore</strong></span> <span class='ocrx_word' id='word_1_160' title='bbox 798 2440 809 2480; x_wconf 87' lang='lat'><strong>‚·</strong></span> <span class='ocrx_word' id='word_1_161' title='bbox 837 2423 880 2484; x_wconf 77' lang='lat' dir='ltr'><strong>quii</strong></span> <span class='ocrx_word' id='word_1_162' title='bbox 893 2437 924 2470; x_wconf 85' lang='lat' dir='ltr'><strong>ex</strong></span> <span class='ocrx_word' id='word_1_163' title='bbox 937 2422 1012 2472; x_wconf 84' lang='lat' dir='ltr'><strong>codd.</strong></span> <span class='ocrx_word' id='word_1_164' title='bbox 1024 2423 1138 2472; x_wconf 77' lang='lat' dir='ltr'><strong>Floreat.</strong></span> <span class='ocrx_word' id='word_1_165' title='bbox 1151 2421 1224 2472; x_wconf 79' lang='lat' dir='ltr'><strong>Leld.</strong></span> <span class='ocrx_word' id='word_1_166' title='bbox 1235 2421 1309 2469; x_wconf 67' lang='lat' dir='ltr'><strong>voss.</strong></span> <span class='ocrx_word' id='word_1_167' title='bbox 1319 2425 1343 2472; x_wconf 89' lang='lat' dir='ltr'><strong>l.</strong></span> 
     </span>
     <span class='ocr_line' id='line_1_22' title="bbox 246 2486 1342 2550; baseline -0.002 -14"><span class='ocrx_word' id='word_1_168' title='bbox 246 2495 274 2537; x_wconf 89' lang='lat' dir='ltr'><strong>et</strong></span> <span class='ocrx_word' id='word_1_169' title='bbox 286 2487 371 2550; x_wconf 82' lang='lat' dir='ltr'><strong>Bong.</strong></span> <span class='ocrx_word' id='word_1_170' title='bbox 384 2489 408 2536; x_wconf 91' lang='grc'><strong>1.</strong></span> <span class='ocrx_word' id='word_1_171' title='bbox 418 2491 443 2535; x_wconf 86' lang='grc'><strong>2.</strong></span> <span class='ocrx_word' id='word_1_172' title='bbox 461 2486 571 2536; x_wconf 77' lang='lat' dir='ltr'><strong>letitiam</strong></span> <span class='ocrx_word' id='word_1_173' title='bbox 583 2487 680 2548; x_wconf 84' lang='lat' dir='ltr'><strong>primus</strong></span> <span class='ocrx_word' id='word_1_174' title='bbox 690 2486 781 2534; x_wconf 82' lang='lat' dir='ltr'><strong>edidit.</strong></span> <span class='ocrx_word' id='word_1_175' title='bbox 814 2486 883 2535; x_wconf 85' lang='lat' dir='ltr'><strong>Vide</strong></span> <span class='ocrx_word' id='word_1_176' title='bbox 901 2487 966 2536; x_wconf 88' lang='lat' dir='ltr'><strong>Not.</strong></span> <span class='ocrx_word' id='word_1_177' title='bbox 977 2486 1040 2535; x_wconf 85' lang='lat' dir='ltr'><strong>Var.</strong></span> <span class='ocrx_word' id='word_1_178' title='bbox 1073 2487 1146 2534; x_wconf 82' lang='lat' dir='ltr'><strong>Voss.</strong></span> <span class='ocrx_word' id='word_1_179' title='bbox 1157 2491 1181 2534; x_wconf 86' lang='grc'><strong>2.</strong></span> <span class='ocrx_word' id='word_1_180' title='bbox 1192 2487 1342 2534; x_wconf 73' lang='lat' dir='ltr'><strong>aduruntur.</strong></span> 
     </span>
     <span class='ocr_line' id='line_1_23' title="bbox 247 2549 1342 2613; baseline -0.004 -13"><span class='ocrx_word' id='word_1_181' title='bbox 247 2550 391 2612; x_wconf 67' lang='lat' dir='ltr'><strong>Alddnrgi.</strong></span> <span class='ocrx_word' id='word_1_182' title='bbox 425 2549 884 2612; x_wconf 78' lang='lat' dir='ltr'><strong>Pith.operatua1.ileroPetrt.-1e</strong></span> <span class='ocrx_word' id='word_1_183' title='bbox 900 2551 975 2599; x_wconf 86' lang='lat' dir='ltr'><strong>Voss.</strong></span> <span class='ocrx_word' id='word_1_184' title='bbox 991 2555 1016 2600; x_wconf 83' lang='grc'><strong>2.</strong></span> <span class='ocrx_word' id='word_1_185' title='bbox 1033 2549 1238 2613; x_wconf 65' lang='lat' dir='ltr'><strong>unientem.</strong></span> <span class='ocrx_word' id='word_1_186' title='bbox 1270 2549 1342 2598; x_wconf 71' lang='lat' dir='ltr'><strong>Ptin.</strong></span> 
     </span>
     <span class='ocr_line' id='line_1_24' title="bbox 246 2612 1343 2679; baseline -0.002 -15"><span class='ocrx_word' id='word_1_187' title='bbox 246 2615 383 2679; x_wconf 74' lang='lat' dir='ltr'><strong>beneficiaria</strong></span> <span class='ocrx_word' id='word_1_188' title='bbox 399 2629 454 2664; x_wconf 86' lang='lat' dir='ltr'><strong>esse.</strong></span> <span class='ocrx_word' id='word_1_189' title='bbox 489 2614 600 2664; x_wconf 68' lang='lat' dir='ltr'><strong>Vosne.</strong></span> <span class='ocrx_word' id='word_1_190' title='bbox 617 2614 714 2664; x_wconf 82' lang='lat' dir='ltr'><strong>omittit</strong></span> <span class='ocrx_word' id='word_1_191' title='bbox 730 2615 823 2678; x_wconf 74' lang='lat' dir='ltr'><strong>quinem</strong></span> <span class='ocrx_word' id='word_1_192' title='bbox 841 2621 900 2676; x_wconf 88' lang='lat' dir='ltr'><strong>post</strong></span> <span class='ocrx_word' id='word_1_193' title='bbox 917 2615 1042 2676; x_wconf 62' lang='lat' dir='ltr'><strong>epulonem</strong></span> <span class='ocrx_word' id='word_1_194' title='bbox 1075 2612 1343 2662; x_wconf 53' lang='lat' dir='ltr'><strong>Moesorum*</strong></span> 
     </span>
     <span class='ocr_line' id='line_1_25' title="bbox 247 2676 1343 2740; baseline -0.004 -12"><span class='ocrx_word' id='word_1_195' title='bbox 247 2679 376 2728; x_wconf 77' lang='lat' dir='ltr'><strong>etruriam.</strong></span> <span class='ocrx_word' id='word_1_196' title='bbox 410 2679 526 2728; x_wconf 74' lang='lat' dir='ltr'><strong>Floreat.</strong></span> <span class='ocrx_word' id='word_1_197' title='bbox 543 2677 617 2726; x_wconf 84' lang='lat' dir='ltr'><strong>leid.</strong></span> <span class='ocrx_word' id='word_1_198' title='bbox 629 2677 704 2726; x_wconf 77' lang='lat' dir='ltr'><strong>Vorr.</strong></span> <span class='ocrx_word' id='word_1_199' title='bbox 716 2681 739 2727; x_wconf 88' lang='lat' dir='ltr'><strong>l.</strong></span> <span class='ocrx_word' id='word_1_200' title='bbox 748 2686 776 2726; x_wconf 84' lang='lat' dir='ltr'><strong>et</strong></span> <span class='ocrx_word' id='word_1_201' title='bbox 789 2679 873 2739; x_wconf 82' lang='lat' dir='ltr'><strong>Bong.</strong></span> <span class='ocrx_word' id='word_1_202' title='bbox 885 2683 909 2726; x_wconf 88' lang='grc'><strong>2.</strong></span> <span class='ocrx_word' id='word_1_203' title='bbox 919 2677 1123 2740; x_wconf 59' lang='lat' dir='ltr'><strong>bajulantiumque</strong></span> <span class='ocrx_word' id='word_1_204' title='bbox 1130 2694 1140 2736; x_wconf 90' lang='lat'><strong>,·</strong></span> <span class='ocrx_word' id='word_1_205' title='bbox 1157 2677 1229 2726; x_wconf 74' lang='lat' dir='ltr'><strong>bein.</strong></span> <span class='ocrx_word' id='word_1_206' title='bbox 1237 2676 1343 2737; x_wconf 54' lang='lat' dir='ltr'><strong>wolos-</strong></span> 
     </span>
     <span class='ocr_line' id='line_1_26' title="bbox 246 2741 1343 2805; baseline -0.003 -14"><span class='ocrx_word' id='word_1_207' title='bbox 246 2743 366 2805; x_wconf 74' lang='lat' dir='ltr'><strong>tiumpue5</strong></span> <span class='ocrx_word' id='word_1_208' title='bbox 388 2743 463 2790; x_wconf 80' lang='lat' dir='ltr'><strong>Voss.</strong></span> <span class='ocrx_word' id='word_1_209' title='bbox 474 2745 498 2788; x_wconf 93' lang='grc'><strong>2.</strong></span> <span class='ocrx_word' id='word_1_210' title='bbox 508 2746 531 2790; x_wconf 86' lang='lat' dir='ltr'><strong>et</strong></span> <span class='ocrx_word' id='word_1_211' title='bbox 540 2741 699 2796; x_wconf 72' lang='lat' dir='ltr'><strong>ululantium:</strong></span> <span class='ocrx_word' id='word_1_212' title='bbox 726 2741 786 2790; x_wconf 77' lang='grc' dir='ltr'><strong>ΑΜ.</strong></span> <span class='ocrx_word' id='word_1_213' title='bbox 799 2742 988 2803; x_wconf 59' lang='lat' dir='ltr'><strong>dentiumque.</strong></span> <span class='ocrx_word' id='word_1_214' title='bbox 1018 2741 1078 2790; x_wconf 79' lang='lat' dir='ltr'><strong>atu.</strong></span> <span class='ocrx_word' id='word_1_215' title='bbox 1096 2750 1124 2790; x_wconf 87' lang='lat' dir='ltr'><strong>et</strong></span> <span class='ocrx_word' id='word_1_216' title='bbox 1136 2741 1204 2790; x_wconf 82' lang='lat' dir='ltr'><strong>Mer.</strong></span> <span class='ocrx_word' id='word_1_217' title='bbox 1216 2741 1343 2788; x_wconf 86' lang='lat' dir='ltr'><strong>omittunt</strong></span> 
     </span>
     <span class='ocr_line' id='line_1_27' title="bbox 247 2803 1343 2870; baseline -0.003 -15"><span class='ocrx_word' id='word_1_218' title='bbox 247 2807 342 2856; x_wconf 68' lang='lat' dir='ltr'><strong>naute</strong></span> <span class='ocrx_word' id='word_1_219' title='bbox 351 2805 519 2870; x_wconf 58' lang='lat' dir='ltr'><strong>preliantem.</strong></span> <span class='ocrx_word' id='word_1_220' title='bbox 537 2805 608 2854; x_wconf 75' lang='lat' dir='ltr'><strong>Ptin.</strong></span> <span class='ocrx_word' id='word_1_221' title='bbox 618 2812 642 2854; x_wconf 86' lang='lat' dir='ltr'><strong>et</strong></span> <span class='ocrx_word' id='word_1_222' title='bbox 654 2805 799 2855; x_wconf 76' lang='lat' dir='ltr'><strong>temulentos.</strong></span> <span class='ocrx_word' id='word_1_223' title='bbox 834 2805 1034 2855; x_wconf 62' lang='lat' dir='ltr'><strong>Florentium.</strong></span> <span class='ocrx_word' id='word_1_224' title='bbox 1052 2814 1081 2854; x_wconf 88' lang='lat' dir='ltr'><strong>et</strong></span> <span class='ocrx_word' id='word_1_225' title='bbox 1096 2806 1169 2854; x_wconf 76' lang='lat' dir='ltr'><strong>Voss.</strong></span> <span class='ocrx_word' id='word_1_226' title='bbox 1188 2809 1212 2852; x_wconf 92' lang='grc'><strong>1.</strong></span> <span class='ocrx_word' id='word_1_227' title='bbox 1229 2803 1343 2852; x_wconf 74' lang='lat' dir='ltr'><strong>conisus·</strong></span> 
     </span>
     <span class='ocr_line' id='line_1_28' title="bbox 247 2867 1343 2934; baseline -0.005 -14"><span class='ocrx_word' id='word_1_228' title='bbox 247 2877 327 2934; x_wconf 74' lang='lat' dir='ltr'><strong>terque</strong></span> <span class='ocrx_word' id='word_1_229' title='bbox 334 2886 344 2926; x_wconf 88' lang='lat'><strong>,·</strong></span> <span class='ocrx_word' id='word_1_230' title='bbox 361 2869 652 2932; x_wconf 59' lang='lat' dir='ltr'><strong>Beneuentanum·</strong></span> <span class='ocrx_word' id='word_1_231' title='bbox 670 2867 765 2918; x_wconf 81' lang='lat' dir='ltr'><strong>Fenclt.</strong></span> <span class='ocrx_word' id='word_1_232' title='bbox 774 2877 802 2918; x_wconf 83' lang='lat' dir='ltr'><strong>et</strong></span> <span class='ocrx_word' id='word_1_233' title='bbox 812 2869 887 2919; x_wconf 82' lang='lat' dir='ltr'><strong>Voss.</strong></span> <span class='ocrx_word' id='word_1_234' title='bbox 898 2873 923 2918; x_wconf 82' lang='grc'><strong>2.</strong></span> <span class='ocrx_word' id='word_1_235' title='bbox 933 2874 1072 2918; x_wconf 72' lang='lat' dir='ltr'><strong>ommia</strong></span> <span class='ocrx_word' id='word_1_236' title='bbox 1078 2884 1088 2926; x_wconf 92' lang='lat'><strong>‚·</strong></span> <span class='ocrx_word' id='word_1_237' title='bbox 1105 2869 1162 2919; x_wconf 87' lang='lat' dir='ltr'><strong>Col.</strong></span> <span class='ocrx_word' id='word_1_238' title='bbox 1173 2876 1200 2918; x_wconf 86' lang='lat' dir='ltr'><strong>et</strong></span> <span class='ocrx_word' id='word_1_239' title='bbox 1210 2868 1270 2917; x_wconf 79' lang='lat' dir='ltr'><strong>Bas.</strong></span> <span class='ocrx_word' id='word_1_240' title='bbox 1279 2883 1343 2916; x_wconf 81' lang='lat' dir='ltr'><strong>eosi-</strong></span> 
     </span>
     <span class='ocr_line' id='line_1_29' title="bbox 248 2932 1343 2997; baseline -0.002 -13"><span class='ocrx_word' id='word_1_241' title='bbox 248 2940 415 2997; x_wconf 68' lang='lat' dir='ltr'><strong>nentesque.</strong></span> <span class='ocrx_word' id='word_1_242' title='bbox 449 2933 507 2981; x_wconf 82' lang='lat' dir='ltr'><strong>Pal.</strong></span> <span class='ocrx_word' id='word_1_243' title='bbox 520 2937 544 2983; x_wconf 89' lang='lat'><strong>1.</strong></span> <span class='ocrx_word' id='word_1_244' title='bbox 562 2935 626 2982; x_wconf 84' lang='lat' dir='ltr'><strong>isrter</strong></span> <span class='ocrx_word' id='word_1_245' title='bbox 642 2947 664 2981; x_wconf 89' lang='lat' dir='ltr'><strong>o.</strong></span> <span class='ocrx_word' id='word_1_246' title='bbox 680 2933 704 2982; x_wconf 78' lang='lat' dir='ltr'><strong>l.</strong></span> <span class='ocrx_word' id='word_1_247' title='bbox 719 2934 825 2995; x_wconf 70' lang='lat' dir='ltr'><strong>proterit</strong></span> <span class='ocrx_word' id='word_1_248' title='bbox 833 2950 844 2992; x_wconf 89' lang='lat'><strong>,·</strong></span> <span class='ocrx_word' id='word_1_249' title='bbox 870 2933 986 2982; x_wconf 76' lang='lat' dir='ltr'><strong>Floreat.</strong></span> <span class='ocrx_word' id='word_1_250' title='bbox 1000 2933 1073 2983; x_wconf 85' lang='lat' dir='ltr'><strong>Mod.</strong></span> <span class='ocrx_word' id='word_1_251' title='bbox 1084 2933 1149 2982; x_wconf 79' lang='lat' dir='ltr'><strong>Tell.</strong></span> <span class='ocrx_word' id='word_1_252' title='bbox 1163 2942 1191 2980; x_wconf 85' lang='lat' dir='ltr'><strong>et</strong></span> <span class='ocrx_word' id='word_1_253' title='bbox 1210 2932 1343 2995; x_wconf 67' lang='lat' dir='ltr'><strong>pleraque</strong></span> 
     </span>
     <span class='ocr_line' id='line_1_30' title="bbox 249 2995 1344 3060; baseline -0.004 -12"><span class='ocrx_word' id='word_1_254' title='bbox 249 2999 309 3048; x_wconf 83' lang='lat' dir='ltr'><strong>edd.</strong></span> <span class='ocrx_word' id='word_1_255' title='bbox 323 3005 382 3049; x_wconf 83' lang='lat' dir='ltr'><strong>unte</strong></span> <span class='ocrx_word' id='word_1_256' title='bbox 399 2997 515 3048; x_wconf 83' lang='lat' dir='ltr'><strong>Freinrh.</strong></span> <span class='ocrx_word' id='word_1_257' title='bbox 533 2997 649 3060; x_wconf 67' lang='lat' dir='ltr'><strong>protexit,</strong></span> <span class='ocrx_word' id='word_1_258' title='bbox 660 2995 759 3046; x_wconf 85' lang='lat' dir='ltr'><strong>omissis</strong></span> <span class='ocrx_word' id='word_1_259' title='bbox 771 2998 834 3046; x_wconf 82' lang='lat' dir='ltr'><strong>iuter</strong></span> <span class='ocrx_word' id='word_1_260' title='bbox 845 3011 887 3046; x_wconf 79' lang='lat' dir='ltr'><strong>ore</strong></span> <span class='ocrx_word' id='word_1_261' title='bbox 896 2997 1015 3055; x_wconf 65' lang='lat' dir='ltr'><strong>initiunt</strong></span> <span class='ocrx_word' id='word_1_262' title='bbox 1039 2997 1135 3047; x_wconf 76' lang='lat' dir='ltr'><strong>Faucia</strong></span> <span class='ocrx_word' id='word_1_263' title='bbox 1148 2996 1220 3045; x_wconf 70' lang='lat' dir='ltr'><strong>laeid.</strong></span> <span class='ocrx_word' id='word_1_264' title='bbox 1230 2995 1307 3045; x_wconf 82' lang='lat' dir='ltr'><strong>Voss.</strong></span> <span class='ocrx_word' id='word_1_265' title='bbox 1320 2999 1344 3044; x_wconf 91' lang='grc'><strong>1.</strong></span> 
     </span>
    </p>
   </div>
   <div class='ocr_carea' id='block_1_6' title="bbox 250 3059 1418 3124">
    <p class='ocr_par' dir='ltr' id='par_1_6' title="bbox 250 3059 1418 3124">
     <span class='ocr_line' id='line_1_31' title="bbox 250 3059 1418 3124; baseline -0.004 -13"><span class='ocrx_word' id='word_1_266' title='bbox 250 3067 274 3111; x_wconf 89' lang='grc'><strong>2.</strong></span> <span class='ocrx_word' id='word_1_267' title='bbox 293 3063 360 3110; x_wconf 86' lang='lat' dir='ltr'><strong>Dun.</strong></span> <span class='ocrx_word' id='word_1_268' title='bbox 372 3061 571 3111; x_wconf 75' lang='lat' dir='ltr'><strong>Venetveron.</strong></span> <span class='ocrx_word' id='word_1_269' title='bbox 582 3060 691 3110; x_wconf 86' lang='lat' dir='ltr'><strong>Mediol.</strong></span> <span class='ocrx_word' id='word_1_270' title='bbox 710 3060 770 3109; x_wconf 80' lang='lat' dir='ltr'><strong>Ate.</strong></span> <span class='ocrx_word' id='word_1_271' title='bbox 785 3061 868 3110; x_wconf 87' lang='lat' dir='ltr'><strong>Colin.</strong></span> <span class='ocrx_word' id='word_1_272' title='bbox 884 3061 985 3124; x_wconf 77' lang='lat' dir='ltr'><strong>Grypn.</strong></span> <span class='ocrx_word' id='word_1_273' title='bbox 1000 3061 1068 3111; x_wconf 83' lang='lat' dir='ltr'><strong>Mer.</strong></span> <span class='ocrx_word' id='word_1_274' title='bbox 1086 3061 1148 3110; x_wconf 88' lang='lat' dir='ltr'><strong>Bas.</strong></span> <span class='ocrx_word' id='word_1_275' title='bbox 1160 3069 1186 3109; x_wconf 89' lang='lat' dir='ltr'><strong>et</strong></span> <span class='ocrx_word' id='word_1_276' title='bbox 1198 3059 1255 3109; x_wconf 87' lang='lat' dir='ltr'><strong>Col.</strong></span> <span class='ocrx_word' id='word_1_277' title='bbox 1269 3067 1298 3107; x_wconf 89' lang='lat' dir='ltr'><strong>ut</strong></span> <span class='ocrx_word' id='word_1_278' title='bbox 1317 3061 1343 3106; x_wconf 88' lang='lat' dir='ltr'><strong>in</strong></span> <span class='ocrx_word' id='word_1_279' title='bbox 1414 3067 1418 3073; x_wconf 84' lang='grc'><strong><em>’</em></strong></span> 
     </span>
    </p>
   </div>
   <div class='ocr_carea' id='block_1_7' title="bbox 252 3123 1343 3187">
    <p class='ocr_par' dir='ltr' id='par_1_7' title="bbox 252 3123 1343 3187">
     <span class='ocr_line' id='line_1_32' title="bbox 252 3123 1343 3187; baseline -0.002 -13"><span class='ocrx_word' id='word_1_280' title='bbox 252 3129 400 3176; x_wconf 76' lang='lat' dir='ltr'><strong>textu—lli</strong></span> <span class='ocrx_word' id='word_1_281' title='bbox 417 3127 494 3174; x_wconf 86' lang='lat' dir='ltr'><strong>Voss.</strong></span> <span class='ocrx_word' id='word_1_282' title='bbox 505 3129 529 3174; x_wconf 87' lang='grc'><strong>2.</strong></span> <span class='ocrx_word' id='word_1_283' title='bbox 546 3126 782 3187; x_wconf 66' lang='lat' dir='ltr'><strong>synemmenonn,</strong></span> <span class='ocrx_word' id='word_1_284' title='bbox 799 3125 892 3176; x_wconf 85' lang='lat' dir='ltr'><strong>omisso</strong></span> <span class='ocrx_word' id='word_1_285' title='bbox 903 3141 956 3187; x_wconf 80' lang='lat' dir='ltr'><strong>que.</strong></span> <span class='ocrx_word' id='word_1_286' title='bbox 988 3125 1046 3174; x_wconf 82' lang='lat' dir='ltr'><strong>Pal.</strong></span> <span class='ocrx_word' id='word_1_287' title='bbox 1059 3128 1083 3172; x_wconf 86' lang='lat'><strong>1.</strong></span> <span class='ocrx_word' id='word_1_288' title='bbox 1101 3127 1133 3174; x_wconf 89' lang='lat' dir='ltr'><strong>ud</strong></span> <span class='ocrx_word' id='word_1_289' title='bbox 1142 3124 1226 3174; x_wconf 82' lang='lat' dir='ltr'><strong>eudiru</strong></span> <span class='ocrx_word' id='word_1_290' title='bbox 1237 3123 1325 3172; x_wconf 72' lang='lat' dir='ltr'><strong>trusit</strong></span> <span class='ocrx_word' id='word_1_291' title='bbox 1333 3139 1343 3180; x_wconf 72' lang='lat'><strong>‚⁶</strong></span> 
     </span>
    </p>
   </div>
   <div class='ocr_carea' id='block_1_8' title="bbox 740 3270 847 3322">
    <p class='ocr_par' dir='ltr' id='par_1_8' title="bbox 740 3270 847 3322">
     <span class='ocr_line' id='line_1_33' title="bbox 740 3270 847 3322; baseline 0.009 -1"><span class='ocrx_word' id='word_1_292' title='bbox 740 3270 847 3322; x_wconf 71' lang='lat' dir='ltr'><strong>Nom</strong></span> 
     </span>
    </p>
   </div>
   <div class='ocr_carea' id='block_1_9' title="bbox 250 3362 1351 4318">
    <p class='ocr_par' dir='ltr' id='par_1_9' title="bbox 250 3362 1346 3660">
     <span class='ocr_line' id='line_1_34' title="bbox 279 3362 1346 3432; baseline -0.008 -13"><span class='ocrx_word' id='word_1_293' title='bbox 279 3367 288 3411; x_wconf 79' lang='lat' dir='ltr'><strong>l</strong></span> <span class='ocrx_word' id='word_1_294' title='bbox 300 3366 570 3432; x_wconf 76' lang='lat' dir='ltr'><strong>Serepeutenulgosret]</strong></span> <span class='ocrx_word' id='word_1_295' title='bbox 579 3367 779 3430; x_wconf 71' lang='lat' dir='ltr'><strong>Freinshemius,</strong></span> <span class='ocrx_word' id='word_1_296' title='bbox 819 3366 933 3417; x_wconf 72' lang='lat' dir='ltr'><strong>restitnit</strong></span> <span class='ocrx_word' id='word_1_297' title='bbox 945 3365 1049 3416; x_wconf 81' lang='lat' dir='ltr'><strong>Medius</strong></span> <span class='ocrx_word' id='word_1_298' title='bbox 1060 3378 1092 3413; x_wconf 82' lang='lat' dir='ltr'><strong>ex</strong></span> <span class='ocrx_word' id='word_1_299' title='bbox 1103 3365 1167 3413; x_wconf 84' lang='lat' dir='ltr'><strong>Mss.</strong></span> <span class='ocrx_word' id='word_1_300' title='bbox 1178 3378 1235 3412; x_wconf 89' lang='lat' dir='ltr'><strong>cum</strong></span> <span class='ocrx_word' id='word_1_301' title='bbox 1248 3362 1346 3424; x_wconf 76' lang='lat' dir='ltr'><strong>uulgati</strong></span> 
     </span>
     <span class='ocr_line' id='line_1_35' title="bbox 251 3440 1346 3508; baseline -0.005 -14"><span class='ocrx_word' id='word_1_302' title='bbox 251 3459 309 3494; x_wconf 86' lang='lat' dir='ltr'><strong>cum</strong></span> <span class='ocrx_word' id='word_1_303' title='bbox 329 3447 355 3494; x_wconf 89' lang='lat' dir='ltr'><strong>in</strong></span> <span class='ocrx_word' id='word_1_304' title='bbox 380 3445 432 3497; x_wconf 82' lang='lat' dir='ltr'><strong>lls.</strong></span> <span class='ocrx_word' id='word_1_305' title='bbox 453 3443 562 3508; x_wconf 83' lang='lat' dir='ltr'><strong>qttodurn</strong></span> <span class='ocrx_word' id='word_1_306' title='bbox 582 3443 646 3493; x_wconf 82' lang='lat' dir='ltr'><strong>libro</strong></span> <span class='ocrx_word' id='word_1_307' title='bbox 672 3444 779 3494; x_wconf 84' lang='lat' dir='ltr'><strong>verbum</strong></span> <span class='ocrx_word' id='word_1_308' title='bbox 818 3443 878 3492; x_wconf 87' lang='lat' dir='ltr'><strong>libri</strong></span> <span class='ocrx_word' id='word_1_309' title='bbox 900 3441 1067 3506; x_wconf 78' lang='lat' dir='ltr'><strong>preferrent,</strong></span> <span class='ocrx_word' id='word_1_310' title='bbox 1089 3442 1153 3490; x_wconf 82' lang='lat' dir='ltr'><strong>ister</strong></span> <span class='ocrx_word' id='word_1_311' title='bbox 1182 3455 1224 3488; x_wconf 79' lang='lat' dir='ltr'><strong>ora</strong></span> <span class='ocrx_word' id='word_1_312' title='bbox 1244 3440 1346 3489; x_wconf 76' lang='lat' dir='ltr'><strong>lostiim</strong></span> 
     </span>
     <span class='ocr_line' id='line_1_36' title="bbox 250 3503 1346 3586; baseline -0.005 -15"><span class='ocrx_word' id='word_1_313' title='bbox 250 3523 368 3582; x_wconf 71' lang='lat' dir='ltr'><strong>vulgasset</strong></span> <span class='ocrx_word' id='word_1_314' title='bbox 391 3519 531 3570; x_wconf 76' lang='lat' dir='ltr'><strong>desiderari</strong></span> <span class='ocrx_word' id='word_1_315' title='bbox 543 3525 668 3584; x_wconf 85' lang='lat' dir='ltr'><strong>cerneret,</strong></span> <span class='ocrx_word' id='word_1_316' title='bbox 687 3520 711 3569; x_wconf 88' lang='lat' dir='ltr'><strong>in</strong></span> <span class='ocrx_word' id='word_1_317' title='bbox 724 3522 780 3570; x_wconf 84' lang='lat' dir='ltr'><strong>aliis</strong></span> <span class='ocrx_word' id='word_1_318' title='bbox 816 3503 1047 3586; x_wconf 52' lang='lat' dir='ltr'><strong>protexistrfnornm</strong></span> <span class='ocrx_word' id='word_1_319' title='bbox 1067 3534 1128 3569; x_wconf 74' lang='lat' dir='ltr'><strong>sntio</strong></span> <span class='ocrx_word' id='word_1_320' title='bbox 1149 3519 1284 3567; x_wconf 81' lang='lat' dir='ltr'><strong>verborum</strong></span> <span class='ocrx_word' id='word_1_321' title='bbox 1303 3518 1346 3567; x_wconf 80' lang='lat' dir='ltr'><strong>rix</strong></span> 
     </span>
     <span class='ocr_line' id='line_1_37' title="bbox 253 3595 1177 3660; baseline -0.005 -14"><span class='ocrx_word' id='word_1_322' title='bbox 253 3597 353 3660; x_wconf 77' lang='lat' dir='ltr'><strong>legeret</strong></span> <span class='ocrx_word' id='word_1_323' title='bbox 371 3602 485 3659; x_wconf 81' lang='lat' dir='ltr'><strong>serpente,</strong></span> <span class='ocrx_word' id='word_1_324' title='bbox 509 3597 655 3660; x_wconf 81' lang='lat' dir='ltr'><strong>auspicatus</strong></span> <span class='ocrx_word' id='word_1_325' title='bbox 678 3606 718 3647; x_wconf 88' lang='lat' dir='ltr'><strong>est</strong></span> <span class='ocrx_word' id='word_1_326' title='bbox 741 3599 779 3648; x_wconf 80' lang='lat' dir='ltr'><strong>sic</strong></span> <span class='ocrx_word' id='word_1_327' title='bbox 818 3600 951 3649; x_wconf 85' lang='lat' dir='ltr'><strong>ullnsernt</strong></span> <span class='ocrx_word' id='word_1_328' title='bbox 963 3611 1050 3644; x_wconf 68' lang='lat' dir='ltr'><strong>‘enaus</strong></span> <span class='ocrx_word' id='word_1_329' title='bbox 1062 3595 1177 3644; x_wconf 88' lang='lat' dir='ltr'><strong>idonens.</strong></span> 
     </span>
    </p>

    <p class='ocr_par' dir='ltr' id='par_1_10' title="bbox 250 3667 1348 3963">
     <span class='ocr_line' id='line_1_38' title="bbox 254 3667 1346 3736; baseline -0.005 -14"><span class='ocrx_word' id='word_1_330' title='bbox 254 3673 372 3722; x_wconf 85' lang='lat' dir='ltr'><strong>Curtium</strong></span> <span class='ocrx_word' id='word_1_331' title='bbox 398 3671 552 3734; x_wconf 72' lang='lat' dir='ltr'><strong>scripsisse:</strong></span> <span class='ocrx_word' id='word_1_332' title='bbox 574 3679 627 3721; x_wconf 84' lang='lat' dir='ltr'><strong>orto</strong></span> <span class='ocrx_word' id='word_1_333' title='bbox 648 3675 744 3722; x_wconf 84' lang='lat' dir='ltr'><strong>licentio</strong></span> <span class='ocrx_word' id='word_1_334' title='bbox 764 3691 780 3724; x_wconf 85' lang='lat' dir='ltr'><strong>o</strong></span> <span class='ocrx_word' id='word_1_335' title='bbox 851 3679 870 3706; x_wconf 74' lang='lat'><strong>¹²¹</strong></span> <span class='ocrx_word' id='word_1_336' title='bbox 896 3673 959 3736; x_wconf 79' lang='lat' dir='ltr'><strong>Reg.</strong></span> <span class='ocrx_word' id='word_1_337' title='bbox 985 3687 1037 3736; x_wconf 77' lang='lat' dir='ltr'><strong>puoe</strong></span> <span class='ocrx_word' id='word_1_338' title='bbox 1063 3667 1179 3732; x_wconf 76' lang='lat' dir='ltr'><strong>Dedulo]</strong></span> <span class='ocrx_word' id='word_1_339' title='bbox 1202 3667 1346 3717; x_wconf 80' lang='lat' dir='ltr'><strong>Ptolemaeo</strong></span> 
     </span>
     <span class='ocr_line' id='line_1_39' title="bbox 250 3743 1346 3812; baseline -0.005 -16"><span class='ocrx_word' id='word_1_340' title='bbox 250 3749 332 3811; x_wconf 79' lang='lat' dir='ltr'><strong>pnurle</strong></span> <span class='ocrx_word' id='word_1_341' title='bbox 348 3747 387 3812; x_wconf 86' lang='lat' dir='ltr'><strong>(ut</strong></span> <span class='ocrx_word' id='word_1_342' title='bbox 400 3747 454 3808; x_wconf 78' lang='lat' dir='ltr'><strong>sere</strong></span> <span class='ocrx_word' id='word_1_343' title='bbox 464 3745 513 3810; x_wconf 83' lang='lat' dir='ltr'><strong>fit)</strong></span> <span class='ocrx_word' id='word_1_344' title='bbox 529 3748 555 3796; x_wconf 88' lang='lat' dir='ltr'><strong>iu</strong></span> <span class='ocrx_word' id='word_1_345' title='bbox 572 3763 649 3798; x_wconf 79' lang='lat' dir='ltr'><strong>oritncs</strong></span> <span class='ocrx_word' id='word_1_346' title='bbox 665 3757 780 3812; x_wconf 80' lang='lat' dir='ltr'><strong>serpente.</strong></span> <span class='ocrx_word' id='word_1_347' title='bbox 819 3749 1001 3812; x_wconf 75' lang='lat' dir='ltr'><strong>stephanoque</strong></span> <span class='ocrx_word' id='word_1_348' title='bbox 1024 3747 1085 3794; x_wconf 90' lang='lat' dir='ltr'><strong>urbs</strong></span> <span class='ocrx_word' id='word_1_349' title='bbox 1113 3752 1162 3802; x_wconf 77' lang='lat' dir='ltr'><strong>eat,</strong></span> <span class='ocrx_word' id='word_1_350' title='bbox 1185 3757 1236 3791; x_wconf 89' lang='lat' dir='ltr'><strong>non</strong></span> <span class='ocrx_word' id='word_1_351' title='bbox 1258 3743 1346 3804; x_wconf 72' lang='lat' dir='ltr'><strong>regio:</strong></span> 
     </span>
     <span class='ocr_line' id='line_1_40' title="bbox 251 3819 1347 3890; baseline -0.005 -19"><span class='ocrx_word' id='word_1_352' title='bbox 251 3823 392 3887; x_wconf 76' lang='lat' dir='ltr'><strong>Ingeniosa</strong></span> <span class='ocrx_word' id='word_1_353' title='bbox 408 3824 565 3888; x_wconf 83' lang='lat' dir='ltr'><strong>conjectura,</strong></span> <span class='ocrx_word' id='word_1_354' title='bbox 576 3838 625 3875; x_wconf 90' lang='lat' dir='ltr'><strong>neo</strong></span> <span class='ocrx_word' id='word_1_355' title='bbox 637 3825 780 3889; x_wconf 81' lang='lat' dir='ltr'><strong>improban-</strong></span> <span class='ocrx_word' id='word_1_356' title='bbox 820 3839 964 3890; x_wconf 75' lang='lat' dir='ltr'><strong>quiunquam</strong></span> <span class='ocrx_word' id='word_1_357' title='bbox 977 3823 1079 3886; x_wconf 86' lang='lat' dir='ltr'><strong>utrique</strong></span> <span class='ocrx_word' id='word_1_358' title='bbox 1096 3819 1235 3870; x_wconf 83' lang='lat' dir='ltr'><strong>conuenire</strong></span> <span class='ocrx_word' id='word_1_359' title='bbox 1252 3832 1347 3867; x_wconf 87' lang='lat' dir='ltr'><strong>nomeu</strong></span> 
     </span>
     <span class='ocr_line' id='line_1_41' title="bbox 253 3889 1348 3963; baseline -0.006 -16"><span class='ocrx_word' id='word_1_360' title='bbox 253 3897 295 3948; x_wconf 83' lang='lat' dir='ltr'><strong>de.</strong></span> <span class='ocrx_word' id='word_1_361' title='bbox 820 3899 914 3963; x_wconf 85' lang='lat' dir='ltr'><strong>potnit.</strong></span> <span class='ocrx_word' id='word_1_362' title='bbox 946 3898 1066 3948; x_wconf 82' lang='lat' dir='ltr'><strong>lustinus</strong></span> <span class='ocrx_word' id='word_1_363' title='bbox 1087 3903 1164 3945; x_wconf 78' lang='lat' dir='ltr'><strong>uocet</strong></span> <span class='ocrx_word' id='word_1_364' title='bbox 1185 3889 1348 3943; x_wconf 75' lang='lat' dir='ltr'><strong>‘Dmdelos&#39;</strong></span> 
     </span>
    </p>

    <p class='ocr_par' dir='ltr' id='par_1_11' title="bbox 252 3969 1350 4188">
     <span class='ocr_line' id='line_1_42' title="bbox 292 3969 1349 4038; baseline -0.006 -14"><span class='ocrx_word' id='word_1_365' title='bbox 292 3971 304 4006; x_wconf 83' lang='lat'><strong>¹¹</strong></span> <span class='ocrx_word' id='word_1_366' title='bbox 333 3973 473 4038; x_wconf 80' lang='lat' dir='ltr'><strong>operatum]</strong></span> <span class='ocrx_word' id='word_1_367' title='bbox 499 3971 640 4038; x_wconf 83' lang='lat' dir='ltr'><strong>‘operari&#39;</strong></span> <span class='ocrx_word' id='word_1_368' title='bbox 667 3975 780 4038; x_wconf 82' lang='lat' dir='ltr'><strong>cuipiam</strong></span> <span class='ocrx_word' id='word_1_369' title='bbox 820 3974 1049 4025; x_wconf 64' lang='lat' dir='ltr'><strong>arentellam.</strong></span> <span class='ocrx_word' id='word_1_370' title='bbox 1070 3977 1163 4034; x_wconf 78' lang='lat' dir='ltr'><strong>capt.</strong></span> <span class='ocrx_word' id='word_1_371' title='bbox 1194 3969 1349 4020; x_wconf 85' lang='lat' dir='ltr'><strong>SedPtole·</strong></span> 
     </span>
     <span class='ocr_line' id='line_1_43' title="bbox 253 4046 1350 4115; baseline -0.003 -18"><span class='ocrx_word' id='word_1_372' title='bbox 253 4051 349 4100; x_wconf 86' lang='lat' dir='ltr'><strong>numiui</strong></span> <span class='ocrx_word' id='word_1_373' title='bbox 367 4051 435 4100; x_wconf 88' lang='lat' dir='ltr'><strong>idem</strong></span> <span class='ocrx_word' id='word_1_374' title='bbox 452 4057 492 4100; x_wconf 79' lang='lat' dir='ltr'><strong>est</strong></span> <span class='ocrx_word' id='word_1_375' title='bbox 510 4057 587 4115; x_wconf 80' lang='lat' dir='ltr'><strong>atque</strong></span> <span class='ocrx_word' id='word_1_376' title='bbox 610 4051 668 4100; x_wconf 84' lang='lat' dir='ltr'><strong>huic</strong></span> <span class='ocrx_word' id='word_1_377' title='bbox 689 4051 698 4079; x_wconf 86' lang='lat'>‘</span> <span class='ocrx_word' id='word_1_378' title='bbox 708 4068 781 4102; x_wconf 81' lang='lat' dir='ltr'><strong>sacra</strong></span> <span class='ocrx_word' id='word_1_379' title='bbox 821 4066 901 4102; x_wconf 77' lang='lat' dir='ltr'><strong>mnus</strong></span> <span class='ocrx_word' id='word_1_380' title='bbox 916 4051 993 4112; x_wconf 83' lang='lat' dir='ltr'><strong>longe</strong></span> <span class='ocrx_word' id='word_1_381' title='bbox 1012 4062 1084 4098; x_wconf 81' lang='lat' dir='ltr'><strong>trans</strong></span> <span class='ocrx_word' id='word_1_382' title='bbox 1095 4047 1190 4097; x_wconf 87' lang='lat' dir='ltr'><strong>Indum</strong></span> <span class='ocrx_word' id='word_1_383' title='bbox 1201 4046 1350 4108; x_wconf 83' lang='lat' dir='ltr'><strong>eollocarit,</strong></span> 
     </span>
     <span class='ocr_line' id='line_1_44' title="bbox 252 4123 1111 4188; baseline -0.007 -12"><span class='ocrx_word' id='word_1_384' title='bbox 252 4124 357 4176; x_wconf 68' lang='lat' dir='ltr'><strong>lacere!</strong></span> <span class='ocrx_word' id='word_1_385' title='bbox 822 4126 927 4176; x_wconf 81' lang='lat' dir='ltr'><strong>Curtius</strong></span> <span class='ocrx_word' id='word_1_386' title='bbox 939 4127 1005 4174; x_wconf 81' lang='lat' dir='ltr'><strong>citra</strong></span> <span class='ocrx_word' id='word_1_387' title='bbox 1016 4123 1111 4188; x_wconf 88' lang='lat' dir='ltr'><strong>posuit.</strong></span> 
     </span>
    </p>

    <p class='ocr_par' dir='ltr' id='par_1_12' title="bbox 288 4197 1351 4270">
     <span class='ocr_line' id='line_1_45' title="bbox 288 4197 1351 4270; baseline -0.004 -20"><span class='ocrx_word' id='word_1_388' title='bbox 288 4200 294 4234; x_wconf 88' lang='lat'>¹</span> <span class='ocrx_word' id='word_1_389' title='bbox 312 4202 414 4254; x_wconf 82' lang='lat' dir='ltr'><strong>Comere.</strong></span> <span class='ocrx_word' id='word_1_390' title='bbox 426 4238 432 4252; x_wconf 89' lang='lat'><strong>.</strong></span> <span class='ocrx_word' id='word_1_391' title='bbox 445 4239 450 4252; x_wconf 92' lang='lat'><strong>.</strong></span> <span class='ocrx_word' id='word_1_392' title='bbox 462 4237 483 4253; x_wconf 90' lang='lat'><strong>..</strong></span> <span class='ocrx_word' id='word_1_393' title='bbox 498 4205 559 4253; x_wconf 76' lang='lat' dir='ltr'><strong>tecit</strong></span> <span class='ocrx_word' id='word_1_394' title='bbox 582 4205 708 4270; x_wconf 74' lang='lat' dir='ltr'><strong>[proterd]</strong></span> <span class='ocrx_word' id='word_1_395' title='bbox 736 4205 780 4254; x_wconf 86' lang='lat' dir='ltr'><strong>Sic</strong></span> <span class='ocrx_word' id='word_1_396' title='bbox 853 4213 865 4236; x_wconf 74' lang='lat'>²</span> <span class='ocrx_word' id='word_1_397' title='bbox 881 4201 1001 4264; x_wconf 72' lang='lat' dir='ltr'><strong>Accidere]</strong></span> <span class='ocrx_word' id='word_1_398' title='bbox 1018 4202 1121 4263; x_wconf 79' lang='lat' dir='ltr'><strong>Legunt</strong></span> <span class='ocrx_word' id='word_1_399' title='bbox 1131 4198 1247 4248; x_wconf 87' lang='lat' dir='ltr'><strong>nonunlii</strong></span> <span class='ocrx_word' id='word_1_400' title='bbox 1259 4197 1351 4258; x_wconf 78' lang='lat' dir='ltr'><strong>Adocu,</strong></span> 
     </span>
    </p>

    <p class='ocr_par' dir='ltr' id='par_1_13' title="bbox 858 4291 957 4318">
     <span class='ocr_line' id='line_1_46' title="bbox 858 4291 957 4318; baseline -0.03 -17"><span class='ocrx_word' id='word_1_401' title='bbox 858 4291 862 4301; x_wconf 92' lang='grc'><em>,</em></span> <span class='ocrx_word' id='word_1_402' title='bbox 939 4293 957 4318; x_wconf 42' lang='grc' dir='ltr'><strong>Ἰ</strong></span> 
     </span>
    </p>
   </div>
   <div class='ocr_carea' id='block_1_10' title="bbox 0 0 1536 4892">
    <p class='ocr_par' dir='ltr' id='par_1_14' title="bbox 0 0 1536 4892">
     <span class='ocr_line' id='line_1_47' title="bbox 0 0 1536 4892; baseline 0 0"><span class='ocrx_word' id='word_1_403' title='bbox 0 0 1536 4892; x_wconf 95' lang='lat' dir='ltr'><strong> </strong></span> 
     </span>
    </p>
   </div>
  </div>
 </body>
</html>
