3025 4892
381 405 442 458 ou.
462 396 568 456 uxtv.
588 389 622 454 1.
658 405 695 457 s.
718 405 780 456 un.
801 405 838 455 rr.
859 389 935 456 311.
1144 389 1212 458 765

118 545 194 612 tuit.
222 545 454 631 Expecturare
465 567 541 613 eum
554 547 638 626 iata,
652 547 733 612 dum
748 546 886 612 Oriente
897 547 1087 631 perdomito
1102 549 1211 614 ndito·

119 667 183 731 que
207 648 354 728 Oceano,
373 649 535 733 quicquid
549 650 735 715 mortalitas
749 649 918 731 cupiebat,
933 649 1121 733 impleret!
1160 651 1214 716 37.

118 749 208 814 Huic
221 750 292 831 regi
306 749 450 833 ducique
461 769 641 817 successor
654 751 885 834 querebatur:
907 751 966 814 sed
981 753 1090 836 mujor
1104 753 1210 815 moles

119 855 194 927 erat,
208 869 312 934 quem
325 856 366 913 ut
380 869 465 915 unus
478 853 589 916 subire
603 871 680 916 eum
695 857 822 935 posset.
865 851 987 934 Itaque
996 869 1114 915 nomeu
1124 870 1210 934 quo·

120 969 180 1032 que
194 952 273 1034 ejus
286 951 424 1016 etfama
437 953 596 1016 remmio
610 959 716 1017 totum
727 953 972 1036 propemodum
982 955 1106 1030 orbem,
1115 971 1209 1036 reges

120 1069 155 1117 uc
166 1071 270 1133 regua
285 1051 435 1132 diffudit3
457 1052 637 1117 clarissimi
649 1060 729 1117 sunt
742 1052 859 1132 babiti,
874 1055 934 1137 qui
948 1053 1049 1118 etiam
1062 1054 1209 1119 minimae

120 1152 201 1233 perti
214 1159 322 1218 tantae
337 1152 481 1218 sonuum
495 1153 717 1218 udbaeseruut

156 1269 207 1316 vr.
240 1253 276 1316 1.
304 1252 462 1319 Getarum
484 1253 661 1338 Babylona
689 1253 782 1331 (inde
813 1255 902 1319 enim
923 1253 1060 1320 divertit
1082 1253 1209 1337 oratio)

121 1354 265 1437 coporis
279 1355 355 1437 ejus
368 1354 549 1420 custodes·
566 1357 604 1419 in
618 1356 741 1436 regiam
756 1355 925 1438 principes
940 1355 1121 1420 amicorum
1145 1354 1209 1418 du-

121 1471 239 1536 cesque
268 1457 440 1538 copiarum
462 1455 692 1520 advocavero:
715 1461 831 1520 secuta
855 1461 910 1521 est
932 1455 1076 1520 militum
1101 1456 1210 1533 turbu,

121 1556 321 1637 cupientium
342 1558 440 1633 scire,
462 1558 497 1619 iu
518 1576 616 1640 quem
637 1555 823 1622 Alexandri
841 1557 973 1622 onum
987 1563 1079 1622 esset
1092 1558 1211 1621 trausi-

122 1661 199 1720 tura.
243 1657 277 1720 2
299 1655 399 1721 Multi
425 1658 545 1736 duces,
567 1659 756 1742 frequento
771 1658 914 1724 militum
928 1659 1071 1736 exclusi,
1083 1657 1209 1740 regiam

120 1753 236 1821 iuuere
249 1764 506 1841 nonpoterunt3
528 1779 604 1824 cum
619 1779 745 1844 praeco,
767 1761 954 1844 ‘exceptis,
978 1763 1037 1842 qni
1060 1760 1210 1823 uomina-

122 1857 174 1920 tim
191 1860 386 1937 citarentur,
401 1859 514 1926 adire’
535 1862 728 1945 prohibuit:
751 1861 811 1926 sed
827 1863 1011 1944 precarium
1027 1861 1209 1944 sperneba-

121 1965 168 2022 tur
180 1962 370 2043 imperium.
409 1961 444 2025 ³.
467 1963 520 2028 Ac
535 1965 678 2047 primum
692 1962 837 2046 ejulatus
853 1963 966 2044 ingens
991 1961 1209 2045 ploratusque

119 2069 297 2126 remeatus
320 2069 390 2128 est:
412 2063 536 2128 deinde
558 2063 659 2129 icturi
673 2066 869 2147 expectatio
884 2062 1037 2128 inhibitis
1051 2063 1208 2147 lacrymis

120 2162 285 2227 silentium
308 2163 397 2229 fecit.
442 2167 473 2230 4.
495 2164 592 2230 Tunc
606 2163 781 2243 Perdicca,
796 2166 887 2248 regia
903 2165 986 2230 sella
1000 2165 1036 2228 in
1052 2183 1211 2249 conspec-

120 2271 184 2326 tum
200 2265 292 2346 vulgi
307 2265 401 2342 data,
412 2267 449 2330 iu
463 2285 533 2350 que
551 2265 710 2331 diadema
731 2268 906 2350 vestisque
929 2265 1109 2330 Alexandri
1131 2285 1209 2332 cum

121 2366 215 2428 ornis
236 2373 346 2442 eraut,
368 2365 529 2430 annulum
547 2367 613 2431 sibi
629 2366 733 2451 pridie
748 2367 904 2433 traditum
919 2385 940 2430 a
953 2386 1029 2448 rege
1044 2367 1076 2428 ln
1091 2366 1208 2432 eadem

120 2464 195 2529 sedo
203 2468 320 2549 posuit
355 2486 497 2551 quorum
510 2475 652 2550 aspectu
666 2485 781 2532 rursus
796 2466 1086 2531 obortaeomuibus
1100 2465 1208 2550 lacry-

119 2584 178 2630 mae
200 2569 403 2651 integravere
427 2569 564 2634 luctum.
606 2571 639 2633 b.
667 2569 712 2633 Et
735 2569 911 2645 Perdicca,
934 2565 1029 2649 ‘Ego
1055 2566 1208 2650 quidem,’

139 2743 157 2786 Ι
170 2747 303 2814 Perfireret
313 2765 463 2814 quormque
473 2751 581 2802 urielis
591 2756 677 2802 return
684 2757 787 2816 potent.

117 2997 327 3061 Εημααυσιπί
360 2997 452 3050 Pul..l
467 2999 583 3064 crpiebul
585 3005 649 3051 -tr
664 3001 724 3051 Pal.
736 3005 760 3051 l.
774 3002 954 3064 muner.
987 3001 1064 3049 Voss.
1076 3003 1100 3050 1.
1111 3000 1210 3050 omittit

115 3063 280 3112 nnwvoss
291 3067 316 3111 1.
327 3068 355 3111 et
367 3062 424 3112 Pal.
437 3069 459 3114 l.
470 3063 583 3140 usuro,
593 3063 723 3130 quodnou
735 3063 1004 3129 spernitsobrniedcr.
1036 3065 1110 3115 Voss.
1120 3064 1209 3123 bsec-

114 3125 260 3175 nrthbiti.
292 3126 366 3176 Voss.
378 3129 402 3176 l.
413 3128 483 3190 oric.
493 3129 599 3178 mairia

146 3189 250 3238 llaeid
261 3189 377 3239 et'v'ors.
388 3194 413 3238 l.
424 3191 566 3250 Bobium
593 3192 668 3243 Voss.
678 3195 704 3242 1
714 3191 857 3268 Babylonis.
883 3191 998 3240 Floreut.
1011 3190 1086 3240 [aeid.
1098 3190 1207 3239 Vosal.

114 3251 233 3329 ellarrgd.
253 3253 362 3302 diurtit.
394 3254 468 3304 Vosr.
484 3258 509 3305 1.
524 3257 630 3306 euodes
640 3255 752 3318 corporis,
768 3256 860 3304 omisso
876 3255 934 3316 ῥυ.
966 3255 1042 3304 Voss.
1058 3259 1084 3304 1.
1101 3261 1130 3302 et
1147 3250 1206 3304 Pul.

114 3315 357 3430 {mbu-
311 3317 677 3445 quss⁸¹ubrdeffss.
684 3320 799 3434 gogo?
797 3314 1207 3447 ρινῗὲῗὺινῖῗΙ-’1111ἱὸτέἴιιιηιῗῖὲ

112 3441 520 3508 uenerabundusque
534 3461 646 3511 prim
679 3447 755 3496 V.uas
765 3451 791 3495 1.
797 3399 897 3496 etPrl.
911 3450 934 3494 l.
951 3447 991 3492 stu
992 3445 1063 3492 lutus.
1095 3444 1171 3491 Voss
1183 3447 1207 3493 2

112 3515 140 3552 cr
148 3507 210 3556 Pul.
222 3513 244 3556 l.
255 3515 355 3558 amur
365 3513 410 3557 ert.
411 3513 459 3559 -l
476 3510 552 3560 Vorr.
563 3514 589 3560 1.
599 3517 627 3559 ct
637 3507 696 3558 add.
710 3511 797 3572 vulgg.
809 3517 869 3557 autc
882 3507 999 3557 Freinrb.
1013 3507 1074 3558 Tun
1082 3506 1208 3558 Perdicca.

111 3567 187 3621 Voss.
203 3575 228 3620 1.
244 3572 414 3636 transposuit,
428 3574 485 3622 tells
500 3573 708 3638 brudeum,
718 3580 817 3623 etmox
829 3571 909 3623 nater
925 3577 1057 3636 emperia
1090 3571 1207 3622 Florent-

606 3729 717 3784 NOTAE

139 3867 152 3894 ¹
170 3859 301 3924 caedes]
328 3860 387 3910 Non
409 3861 459 3922 illi,
480 3859 570 3924 credo,
595 3875 640 3910 no·
678 3873 711 3907 ax
725 3858 885 3916 Aristobulo,
903 3855 951 3906 lib.
969 3869 1009 3905 rr.
1037 3854 1207 3915 honustum,

108 3935 173 3986 biles
184 3935 306 4000 poerida
317 3933 411 4000 quibos
429 3935 474 3986 lib.
494 3950 520 3986 r.
537 3951 595 4001 erp.
614 3940 637 3986 l.
679 3933 900 3996 Hephaestionem,
909 3930 1099 3993 Lysimachum,
1107 3927 1208 3977 Aristo·

105 4021 134 4062 et
154 4011 205 4061 lib.
230 4023 290 4060 vus.
309 4025 368 4074 cup.
388 4013 413 4061 d.
436 4011 482 4061 ssd
504 4025 639 4075 procerum
679 4023 751 4069 uum,
768 4007 931 4068 Perdiccam,
953 4004 1134 4067 Ptolemaeum,
1154 4001 1207 4067 1²5·

107 4087 194 4148 primi,
214 4085 248 4135 de
264 4085 359 4150 quibus
373 4086 471 4137 dictum
483 4101 499 4136 ι
509 4085 583 4137 nobis
599 4093 641 4137 cst
679 4082 799 4132 tbouem:
816 4079 907 4146 quibus
924 4084 1045 4129 octavum
1064 4077 1205 4128 rcceuitsa

106 4163 151 4213 lib.
162 4176 217 4213 ιιι.
231 4175 289 4226 crp-
307 4165 331 4211 l.
349 4161 641 4228 quorprrlorntarap·
679 4157 844 4209 Peucesten.

103 4247 159 4288 ten
179 4250 290 4288 numero
312 4235 394 4287 tuisse
416 4235 499 4287 refert
517 4235 642 4287 Arrium
